@book{chen,
  title =      {Introduction to Plasma Physics and Controlled Fusion},
  author =     {Chen, F. F.},
  year =       2016,
  edition =    {3rd},
  publisher =  {Springer},
  addres =     {New York},
  doi =	       {10.1007/978-3-319-22309-4},
}

@book{bitt,
  title =      {Fundamentals of Plasma Physics},
  author =     {Bittencourt, J.A.},
  isbn =       9781475740301,
  doi =        {10.1007/978-1-4757-4030-1},
  year =       2013,
  publisher =  {Springer New York}
}

@book{may,
  title  =     {Space  Physics:   an  introduction  to  plasmas  and
                particles in the heliosphere and magnetospheres},
  author =     {Kallenrode, May-Britt},
  year =       2004,
  edition =    {3rd},
  publisher =  {Springer-Verlag Berlin Heidelberg},
}

@book{bell,
  author =	 {Bellan, Paul M.},
  title =	 {Fundamentals of Plasma Physics},
  doi =		 {10.1017/CBO9780511807183},
  publisher =	 {Cambridge University Press},
  place =	 {Cambridge},
  year =	 2006
}


@book{klimo,
  title =      {The Statistical Theory of Non-equilibrium Processes in
                Plasma},
  author =     {Klimontovich, YU. L.},
  lccn =       67007161,
  series  =       {International  series  of  monographs   in  natural
                philosophy},
  url =	       {https://books.google.com.br/books?id=YiVRAAAAMAAJ},
  year =       1967,
  publisher =  {M.I.T. Press}
}

@book{klimon,
  title  =       {Kinetic  Theory  of Non  Ideal  Gases  and  Nonideal
                Plasmas},
  author =     {Klimontovich, YU. L.},
  year =       1982,
  series =     {International series in natural philosophy},
  url =	       {https://books.google.com.br/books?id=RdLvAAAAMAAJ},
  publisher =  {Pergamon Press},
}

@book{akhi1,
  title =      {Plasma Electrodynamics: Linear theory},
  author =     {Akhiezer, A.I.},
  isbn =       9780080177830,
  series  =       {International  Series  of  Monographs   in  Natural
                Philosophy},
  url =	       {https://books.google.com.br/books?id=D8LvAAAAMAAJ},
  year =       1975,
  publisher =  {Pergamon Press}
}

@book{akhi2,
  title   =       {Plasma   Electrodynamics:  Non-linear   theory  and
                fluctuations},
  author =     {Akhiezer, A.I.},
  isbn =       9780080180168,
  series  =       {International  series  of  monographs   in  natural
                philosophy},
  url =	       {https://books.google.com.br/books?id=27bvAAAAMAAJ},
  year =       1975,
  publisher =  {Pergamon Press}
}

@book{akhi1967,
  title =      {Collective oscillations in a plasma},
  author  =      {Akhiezer,  A.I.  and  Akhiezer,  I.A.  and  Polovin,
                R.V. and Haar, D.},
  series  =     {International  series  of  monographs   in  natural
                philosophy},
  url =	       {https://books.google.com.br/books?id=1y1RAAAAMAAJ},
  year =       1967,
  publisher =  {Cambridge MIT Press},
  isbn =       {978-0-08-011894-9}
}

@book{akhi1981,
  author =     {Akhiezer, A.I. and Peletminskii, S.V. and Haar, D.},
  title =      {Methods of Statistical Physics},
  series =     {International series in natural philosophy},
  url =	       {https://books.google.com.br/books?id=Uj1-AAAAIAAJ},
  year =       1981,
  publisher =  {Pergamon Press}
}

@book{david,
  title =      {Methods in Nonlinear Plasma Theory},
  author =     {Davidson, R. C.},
  year =       1972,
  series =     {Pure and applied physics},
  url =	       {https://books.google.com.br/books?id=0lFRAAAAMAAJ},
  publisher =  {Academic Press},
  address =    {New York},
}

@BOOK{DavidsonNonNeutral,
  title  =     "{An introduction to the physics of nonneutral
                plasmas}",
  author =     {Davidson, R.~C.},
  publisher =  {Addison Wesley Publ., Redwood City, CA},
  year =       1990,
  url =	       {http://adsabs.harvard.edu/abs/1990ipnp.book.....D}
}

@book{krall,
  title =      {Principles of Plasma Physics},
  author =     {Krall, N. A. and Trivelpiece, A. W.},
  series =     {International series in pure and applied physics},
  url =	       {https://books.google.com.br/books?id=b0BRAAAAMAAJ},
  year =       1973,
  publisher =  {McGraw-Hill}
}

@book{gurnett2017,
  place =      {Cambridge},
  edition =    2,
  title =      {Introduction to Plasma Physics: With Space, Laboratory
                and Astrophysical Applications},
  DOI =	       {10.1017/9781139226059},
  publisher =  {Cambridge University Press},
  author =     {Gurnett, Donald A. and Bhattacharjee, Amitava},
  year =       2017
}

@book{FriedeConte,
  title =      {The Plasma Dispersion Function},
  author =     {Fried,B. D. and Conte, S. D.},
  year =       1961,
  publisher =  {Academic Press},
  address =    {New York},
}

@INPROCEEDINGS{Hinton1983,
  author =     {{Hinton}, F.~L.},
  title =      "{Collisional transport in plasma}",
  booktitle =  {Basic Plasma Physics: Selected Chapters},
  series =     {Handbook of Plasma Physics},
  publisher =  {North Holland Publishing Company},
  volume =     1,
  year =       1983,
  editor =     {{Galeev}, A.~A. and {Sudan}, R.~N.},
  pages =      147,
  url =	       {http://adsabs.harvard.edu/abs/1984bpp..conf..147H},
}

@book{saggal,
  title =      {Nonlinear Plasma Theory},
  author =     {Sagdeev, R. Z. and Galeev, A. A.},
  series =     {Frontiers in physics},
  url =	       {https://books.google.com.br/books?id=xT3wAAAAIAAJ},
  year =       1969,
  publisher =  {W. A. Benjamin}
}

@book{tsynlep,
  title =      {Non Linear Effects in Plasmas},
  author =     {Tsytovich, V. N.},
  year =       1970,
  publisher =  {Plenum Press},
  address =    {New York},
  url =	       {https://books.google.com.br/books?id=OAhRAAAAMAAJ},
}

@book{tsyitotp,
  title =      {An Introduction to the Theory of Plasma Turbulence},
  author =     {Tsytovich, V. N.},
  series  =     {International  series  of  monographs   in  natural
                philosophy},
  url =	       {https://books.google.com.br/books?id=JuGZAAAAIAAJ},
  year =       1972,
  publisher =  {Pergamon Press},
}

@book{tsytotp,
  title =      {Theory of Turbulent Plasma},
  author =     {Tsytovich, V. N.},
  year =       1977,
  publisher =  {Consultants Bureau},
  address =    {New York},
  series =     {Studies in Soviet science : Physical sciences},
  url =	       {https://books.google.com.br/books?id=2S9RAAAAMAAJ},
}

@book{tsypa,
  title =	 {Plasma Astrophysics},
  author =	 {Kaplan, S.S.A. and Tsytovich, V.N.},
  isbn =	 9780080171906,
  lccn =	 {lc73005785},
  series =	 {International series of monographs in natural philosophy,
                  v. 59},
  url =		 {https://books.google.com.br/books?id=UzasAAAAIAAJ},
  year =	 1973,
  publisher =	 {Pergamon Press},
  addres =       {Oxford}
}

@book{mel,
  title =      {Instabilities in Space and Laboratory Plasmas},
  author =     {Melrose, D. B.},
  year =       1986,
  publisher =  {Cambrige University Press},
  url =	       {https://books.google.com.br/books?id=yVimB3mZv2UC}
}

@book{Kirk1994,
  title =      {Plasma Astrophysics},
  author =     {J. G.   Kirk and D.  B. Melrose and  E. R.  Priest and
                A. O. Benz and T. Courvoisier},
  series =     {Saas-Fee Advanced Course 24 Lecture Notes 1994},
  publisher =  {Springer-Verlag},
  year =       1994,
  doi =        {10.1007/3-540-31627-2},
  addres =     {Berlin, Heidelberg, New York},
}

@book{Freidberg2007,
  title =      {Plasma Physics and Fusion Energy},
  author =     {Freidberg, J.P.},
  isbn =       9780521851077,
  url =	       {https://books.google.com.br/books?id=ZGU-ngEACAAJ},
  year =       2007,
  publisher =  {Cambridge University Press}
}


@book{jack,
  title =      {Classical Electrodynamics},
  author =     {Jackson, J.D.},
  year =       1998,
  edition =    {3rd},
  publisher =  {John Wiley \& Sons, Inc},
}

@book{Heitler1954,
  title =      {The Quantum Theory of Radiation},
  author =     {Heitler, W.},
  year =       1954,
  edition =    {3rd},
  series =     {International series of monographs on physics},
  publisher =  {Oxford University Press},
}

@book{Priest1988,
  title =      {Dynamics and Structure of Quiescent Solar Prominences},
  author =     {E. R. Priest},
  publisher =  {Springer Netherlands},
  isbn =       {978-90-277-2834-0,978-94-009-3077-3},
  year =       1988,
  series =     {Astrophysics and Space Science Library 150},
  edition =    {1st},
  editor =     {E. R. Priest},
}

@book{Piotrowiak,
  title  =       {Solar  Energy Conversion:  Dynamics  of  Interfacial
                Electron and Excitation Transfer},
  author  =      {Piotr  Piotrowiak,  Laurie Peter,  Heinz  Frei,  Tim
                S. Zhao,  Ferdi Sch√ºth, Victor Batista,  Oleg Prezhdo,
                Petter  Persson, George  C.  Schatz,  Villy Sundstrom,
                Gregory D Scholes, Hrvoje Petek, Jan Lagemaat, Akihiro
                Furube, Mischa Bonn, Lin X Chen},
  publisher =  {Royal Society of Chemistry},
  isbn =       {1849733872,9781849733878},
  year =       2013,
  series =     {RSC Energy and Environment Series},
}

@book{Fisher2012,
  title =      {The Solar Dynamics Observatory},
  author =     {R. R. Fisher},
  editor  =      {Phillip  Chamberlin  and William  Dean  Pesnell  and
                Barbara Thompson},
  publisher =  {Springer-Verlag New York},
  isbn =       {978-1-4614-3672-0},
  year =       2012,
  edition =    {1st},
}

@book{Fan2012,
  title =      {Solar Flare Magnetic Fields and Plasmas},
  author =     {Yuhong Fan; George Fisher (eds.)},
  publisher =  {Springer},
  isbn =       {9781461437611},
  year =       2012,
}

@book{Emslie2009,
  title =      {The Physics of Solar Flares},
  author =     {Einar Tandberg-Hanssen, A. Gordon Emslie},
  publisher =  {Cambridge University Press},
  isbn =       {9780521115520},
  year =       2009,
  series =     {Cambridge Astrophysics},
  edition =    {1st},
}

@book{Liu2008,
  title  =      {Solar  flares as  natural particle  accelerators :  a
                high-energy   view   from   x-ray   observations   and
                theoretical models},
  author =     {Wei Liu},
  publisher =  {VDM Verlag Dr. MuÃàller Aktiengesellschaft & Co },
  isbn =       {9783836474320},
  year =       2008,
}

@book{Aschwanden2002,
  title =      {Particle Acceleration and Kinematics in Solar Flares},
  author =     {Markus J. Aschwanden},
  publisher =  {Springer Netherlands},
  isbn =       {978-90-481-6062-4},
  year =       2002,
  edition =    {1st},
}

@book{jun-cornelis,
  title =       {Solar Flares and Collisions  between Current-Carrying
                Loops:  Types  and  Mechanisms  of  Solar  Flares  and
                Coronal Loop Heating},
  author =     {Sakai,Jun-Ich and De Jager, Cornelis},
  publisher =  {Springer Netherlands},
  isbn =       {978-94-010-6635-8},
  year =       1996,
  edition =    {1st},
}

@book{Svestka,
  title =      {Eruptive Solar Flares},
  author =     {Svestka, Zdenek and  Jackson, V.  Bernard and Machado,
                Marcos E.},
  publisher =  {Springer-Verlag},
  isbn =       {9783540552468},
  year =       1992,
  series =     {LNP0399},
  edition =    {1st},
}

@book{CUDAFortran,
  title  =       {CUDA Fortran  for  Scientists  and Engineers.   Best
                Practices for Efficient CUDA Fortran Programming},
  author =     {Massimiliano Fatica and Gregory Ruetsch (Auth.)},
  publisher =  {Morgan Kaufmann},
  isbn =       {978-0-12-416970-8},
  year =       2014,
  edition =    {1st},
}

@book{Sanders2010,
  author =     {Sanders, Jason and Kandrot, Edward},
  title =       {CUDA by  Example: An Introduction  to General-Purpose
                GPU Programming},
  year =       2010,
  isbn =       {0131387685, 9780131387683},
  edition =    {1st},
  publisher =  {Addison-Wesley Professional},
}

@book{Cook2012,
  title  =      {CUDA  programming:  A developer's  guide to  parallel
                computing with GPUs},
  author =     {Shane Cook},
  publisher =  {Morgan Kaufmann},
  isbn =       {0124159338,9780124159334},
  year =       2012,
  series =     {Applications of GPU computing},
  edition =    {1st},
}

@book{Ferziger2001,
  title =      {Computational Methods for Fluid Dynamics},
  author =     {Joel H. Ferziger, Milovan Peric},
  publisher =  {Springer},
  isbn =       {9783540420743,3-540-42074-6},
  year =       2002,
  edition =    {3rd, rev. ed},
}

@book{Collet2013,
  title =      {Massively Parallel Evolutionary Computation on GPGPUs},
  author =     {Pierre Collet},
  editor =     {Shigeyoshi Tsutsui, Pierre Collet},
  publisher =  {Springer-Verlag Berlin Heidelberg},
  isbn =       {978-3-642-37958-1,978-3-642-37959-8},
  year =       2013,
  series =     {Natural Computing Series},
  edition =    {1st},
}

@book{Hwu2011-Emerald,
  title =      {GPU Computing Gems: Emerald Edition},
  author =     {Wen-mei W. Hwu},
  publisher =  {Elsevier},
  isbn =       {0123849888,9780123849885},
  year =       2011,
  edition =    {1st},
}

@book{Hwu2011-Jade,
  title =      {GPU Computing Gems Jade Edition},
  author =     {Wen-mei W. Hwu (Eds.)},
  publisher =  {Elsevier Science},
  isbn =       {978-0-12-385963-1},
  year =       2011,
}

@book{Couturier2013,
  title =      {Designing Scientific Applications on GPUs},
  author =     {Raphael Couturier},
  publisher =  {Chapman and Hall/CRC},
  isbn =       {1466571624,9781466571624},
  year =       2013,
  series =      {Chapman & Hall/CRC Numerical  Analysis and Scientific
                Computing Series},
}

@book{Cai2015,
  title =      {GPU Computing and Applications},
  author =     {Yiyu Cai, Simon See},
  publisher =  {Springer},
  isbn =       {978-9812871336},
  year =       2015,
}

@book{Kindratenko2014,
  title =      {Numerical Computations with GPUs},
  author =     {Volodymyr Kindratenko},
  publisher =  {Springer International Publishing},
  isbn =       {978-3-319-06547-2,978-3-319-06548-9},
  year =       2014,
  edition =    1,
}

@book{Tsytovich2008,
  title =      {Elementary Physics of Complex Plasmas},
  author  =      {Vadim N.   Tsytovich,  Gregory  E.  Morfill,  Sergey
                V. Vladimirov, Hubertus M. Thomas (auth.)},
  publisher =  {Springer-Verlag Berlin Heidelberg},
  isbn =       {978-3-642-06703-7,978-3-540-29003-2},
  year =       2008,
  series =     {Lecture Notes in Physics},
  volume =     731,
  edition =    1,
}

@book{Amusya1992,
  title =      {Polarization Bremsstrahlung},
  author =     {M.  Ya. Amus‚Äôya and V. M.  Buimistrov  and B.  A. Zon,
                V. N. Tsytovich},
  editor =     {V. N. Tsytovich and I. M. Oiringel},
  publisher =  {Springer US},
  isbn =       {978-1-4613-6329-3,978-1-4615-3048-0},
  year =       1992,
  series =     {Physics of Atoms and Molecules},
  edition =    1,
}

@book{Korol2014,
  title =      {Polarization Bremsstrahlung},
  author =     {Andrey V. Korol, Andrey V. Solov'yov},
  publisher =  {Springer-Verlag Berlin Heidelberg},
  isbn =       {978-3-642-45223-9,978-3-642-45224-6},
  year =       2014,
  series  =      {Springer  Series  on  Atomic,  Optical,  and  Plasma
                Physics},
  volume =     80,
  edition =    1,
}

@book{Koskinen,
  title =      {Physics of Space Storms: From the Solar Surface to the
                Earth},
  author =     {Hannu Koskinen},
  publisher =  {Springer-Verlag Berlin Heidelberg},
  isbn =       {3642003109,9783642003103},
  year =       2011,
  series =     {Springer Praxis Books},
  edition =    1,
}

@book{Ginzburg1989,
  title =      {Applications of Electrodynamics in Theoretical Physics
                and Astrophysics},
  author =     {V. L. Ginzburg},
  publisher =  {CRC Press},
  isbn =       {2881247199,9782881247194},
  year =       1989,
  edition =    {Revised},
}

@book{BenzA2002,
  title =       {Plasma Astrophysics:  Kinetic Processes in  Solar and
                Stellar Coronae},
  author =     {Benz A. O.},
  series =     {Astrophysics And Space Science Library Series},
  volume =     279,
  publisher =  {Springer},
  isbn =       {030647719X},
  year =       2002,
  edition =    {2nd},
}

@book{Gary2004,
  title =      {Solar and Space Weather Radiophysics},
  author =     {Gary D.E., Keller C.U. (eds.)},
  publisher =  {Springer},
  isbn =       {140202813X,9781402028137},
  year =       2004,
  series =     {Astrophysics and Space Science Library},
}

@book{Boris2007,
  title =      {Plasma Astrophysics},
  author =     {Boris V. Somov (auth.)},
  publisher =  {Springer New York},
  isbn =       {978-0-387-34948-0,978-0-387-68894-7},
  year =       2007,
  series =     {Astrophysics and Space Science Library 341},
}

@book{George2011,
  title =      {Kinetic Theory of the Inner Magnetospheric Plasma},
  author =     {George V. Khazanov (auth.)},
  publisher =  {Springer-Verlag New York},
  isbn =       {978-1-4419-6796-1,978-1-4419-6797-8},
  year =       2011,
  series =     {Astrophysics and Space Science Library 372},
  edition =    1,
}

@book{Gennady2011,
  title =      {Fine Structure of Solar Radio Bursts },
  author =     {Gennady P. Chernov},
  publisher =  {Springer-Verlag Berlin Heidelberg},
  isbn =       {3642200141,9783642200144},
  year =       2011,
  series =     {Astrophysics and Space Science Library},
  volume =     375,
  edition =    1,
}

@book{Timothy2011,
  title =      {Coronal Mass Ejections: An Introduction},
  author =     {Timothy Howard},
  publisher =  {Springer-Verlag New York},
  isbn =       {1441987886,9781441987884},
  year =       2011,
  series =     {Astrophysics and Space Science Library},
  volume =     376,
  edition =    1,
}

@book{Boris2014,
  title  =        {Plasma  Astrophysics,  Part  I:   Fundamentals  and
                Practice},
  author =     {Boris V. Somov},
  publisher =  {Springer-Verlag New York},
  isbn                                                               =
                {9781461442820,1461442826,9781461442943,146144294X,9781461442950,1461442958},
  year =       2012,
  series =     {Astrophysics and Space Science Library},
  volume =     391,
  edition =    2,
}

@book{Boris2013,
  title =      {Plasma Astrophysics, Part II: Reconnection and Flares},
  author =     {Boris V. Somov},
  publisher =  {Springer-Verlag New York},
  isbn =       {978-1-4614-4294-3,978-1-4614-4295-0},
  year =       2013,
  series =     {Astrophysics and Space Science Library},
  volume =     392,
  edition =    2,
}

@book{Vladimir2014,
  title =       {The Coronas-F  Space Mission:  Key Results  for Solar
                Terrestrial Physics},
  author =     {Vladimir Kuznetsov (eds.)},
  publisher =  {Springer-Verlag Berlin Heidelberg},
  isbn =       {978-3-642-39267-2,978-3-642-39268-9},
  year =       2014,
  series =     {Astrophysics and Space Science Library 400},
  edition =    1,
}

@book{Jean-Vlaude2015,
  title =      {Solar Prominences},
  author =     {Jean-Claude Vial, Oddbj√∏rn Engvold},
  publisher =  {Springer International Publishing},
  isbn =       {978-3-319-10415-7,978-3-319-10416-4},
  year =       2015,
  series =     {Astrophysics and Space Science Library},
  volume =     415,
  edition =    1,
}

@book{Aschwanden2006,
  title  =      {Physics  of the  Solar Corona:  An Introduction  with
                Problems and Solutions},
  author =     {Markus Aschwanden},
  publisher =  {Springer},
  isbn =       {9783540307655,3-540-30765-6},
  year =       2006,
  series  =      {Springer  Praxis  Books /  Astronomy  and  Planetary
                Sciences},
  edition =    {2nd},
}

@book{Baumjohann2012bas,
  title =      {Basic Space Plasma Physics},
  author =     {Baumjohann, W. and Treumann, R.A.},
  isbn =       9781848168954,
  lccn =       2012418297,
  url =	       {https://books.google.com.br/books?id=681NtQAACAAJ},
  year =       2012,
  publisher =  {Imperial College Press}
}

@book{Baumjohan1997bas,
  title =      {Basic Space Plasma Physics},
  author =     {Wolfgang Baumjohann and Rudolf A. Treumann},
  isbn =       9781860940798,
  url =	       {https://books.google.com.br/books?id=e4yupcOzJxkC},
  publisher =  {Imperial College Press, London},
  year =       1997,
}


@book{Treumann1997adv,
  title =      {Advanced Space Plasma Physics},
  author =     {Treumann, R.A. and Baumjohann, W.},
  isbn =       9781860940262,
  url =	       {https://books.google.com.br/books?id=8wB-QgAACAAJ},
  year =       1997,
  publisher =  {Imperial College Press}
}

@article{Treumann2001adv,
  author =     {R A Treumann and W Baumjohann},
  title  =       {Basic  Space Plasma  Physics/Advanced  Space  Plasma
                Physics},
  journal =    {Plasma Physics and Controlled Fusion},
  volume =     43,
  number =     3,
  pages =      371,
  url =	       {http://stacks.iop.org/0741-3335/43/i=3/a=701},
  year =       2001,
}


@book{Longair2011,
  title =      {High Energy Astrophysics},
  author =     {Malcom S. Longair},
  publisher =  {Cambrige University Press},
  isbn =       {978-0-521-75618-1},
  year =       2011,
  edition =    {3rd},
}

@book{Ulmschneider1991,
  title  =       {Mechanisms  of Chromospheric  and  Coronal  Heating:
                Proceedings    of   the    International   Conference,
                Heidelberg, 5‚Äì8 June 1990},
  author =     {Peter Ulmschneider and Eric R. Priest},
  editor  =     {Peter  Ulmschneider and  Eric R.   Priest and  Robert
                Rosner},
  publisher =  {Springer-Verlag Berlin Heidelberg},
  isbn =       {978-3-642-87457-4,978-3-642-87455-0},
  year =       1991,
  edition =    1,
}

@article {Klimontovich1989,
  author =      {Klimontovich, Yu.  L.   and Shevchenko, A.   Yu.  and
                Yakimenko, I. P. and Zagorodny, A. G.},
  title    =        {Statistical    Theory   of    Bremsstrahlung   in
                Plasma-Molecular Systems},
  journal =    {Contributions to Plasma Physics},
  volume =     29,
  number =     6,
  publisher =  {WILEY-VCH Verlag},
  issn =       {1521-3986},
  url =	       {http://dx.doi.org/10.1002/ctpp.2150290602},
  doi =	       {10.1002/ctpp.2150290602},
  pages =      {551--587},
  year =       1989,
}

@book{Parker2012,
  title  =        {Multi-scale  Dynamical   Processes  in   Space  and
                Astrophysical Plasmas},
  author =     {Eugene N. Parker},
  editor =     {Manfred P. Leubner, Zolt√°n V√∂r√∂s},
  publisher =  {Springer-Verlag Berlin Heidelberg},
  isbn =       {978-3-642-30441-5,978-3-642-30442-2},
  year =       2012,
  series =     {Astrophysics and Space Science Proceedings},
  edition =    1,
  volume =     33,
}

@Inbook{Lazar2012,
  author  =     "Lazar,  M.  and  Pierrard,  V.  and  Poedts, S.   and
                Schlickeiser, R.",
  editor =     "Leubner, Manfred P.  and V{\"o}r{\"o}s, Zolt{\'a}n",
  title =      "Modeling Space  Plasma Dynamics with Anisotropic Kappa
                Distributions",
  bookTitle  =    "Multi-scale  Dynamical   Processes  in   Space  and
                Astrophysical Plasmas",
  year =       2012,
  publisher =  "Springer Berlin Heidelberg",
  address =    "Berlin, Heidelberg",
  pages =      "97--107",
  isbn =       "978-3-642-30442-2",
  doi =	       "10.1007/978-3-642-30442-2_12",
  url =	       "https://doi.org/10.1007/978-3-642-30442-2_12"
}

@Book{Quemerais2013,
  author =     {Eric Qu√©merais and Martin Snow},
  editor  =    {Eric Qu√©merais  and  Martin  Snow and  Roger-Maurice
                Bonnet},
  title =      {Cross-Calibration of Far  UV Spectra of  Solar System
                Objects and the Heliosphere},
  publisher =  {Springer},
  year =       2013,
  doi =	       {10.1007/978-1-4614-6384-9},
  volume =     13,
  series =     {ISSI Scientific Report Series},
  address =    {New York},
}

@PROCEEDINGS{Zank2014,
  title =      "{Transport Processes in Space Physics and Astrophysics}",
  keywords =   {Physics},
  booktitle =  {Lecture Notes in Physics, Berlin Springer Verlag},
  year =       2014,
  series =     {Lecture Notes in Physics, Berlin Springer Verlag},
  volume =     877,
  editor =     {{Zank}, G.~P.},
  doi =        {10.1007/978-1-4614-8480-6},
  url =        {http://adsabs.harvard.edu/abs/2014LNP...877.....Z},
  adsnote =    {Provided by the SAO/NASA Astrophysics Data System}
}

@book{Zank2014book,
   title =     {Transport Processes in Space Physics and Astrophysics},
   author =    {Gary P. Zank},
   publisher = {Springer-Verlag New York},
   doi =       {10.1007/978-1-4614-8480-6},
   year =      2014,
   series =    {Lecture Notes in Physics},
   edition =   {1st},
   volume =    {877},
   url =       {http://www.springer.com/gp/book/9781461484790}
}

@book{Helander2005,
  title =      {Collisional Transport in Magnetized Plasmas},
  author =     {Helander, P. and Sigmar, D.J.},
  isbn =       9780521020985,
  series =     {Cambridge Monographs on Plasma Physics},
  year =       2005,
  publisher =  {Cambridge University Press},
  url =	       {https://books.google.com.br/books?id=nm-V01E0H2MC}
}


@Book{VlahosCargil2009,
  title =      {Turbulence in Space Plasmas},
  publisher =  {Springer-Verlag Berlin Heidelberg},
  year =       2009,
  author =     {Vlahos, L. and Cargill, P.},
  editor =     {Vlahos, L. and Cargill, P.},
  volume =     778,
  series =     {Lect. Notes Phys.},
  isbn =       {978-3-642-00209-0},
  date =       {2009-06-16},
  doi =	       {10.1007/978-3-642-00210-6},
  ean =	       9783642002090,
  url =	       {https://doi.org/10.1007/978-3-642-00210-6},
}


@book{peratt2014,
  title =      {Physics of the Plasma Universe},
  author =     {Peratt, A.L.},
  isbn =       9781493936946,
  url =	       {https://books.google.com.br/books?id=To--jwEACAAJ},
  year =       2014,
  publisher =  {Springer New York}
}


@book{miyamoto2016plasma,
  title =      {Plasma Physics for Controlled Fusion},
  author =     {Miyamoto, K.},
  isbn =       9783662497814,
  series  =    {Springer  Series  on  Atomic,  Optical,  and  Plasma
                Physics},
  url =	       {https://books.google.com.br/books?id=OrkqDAAAQBAJ},
  year =       2016,
  publisher =  {Springer Berlin Heidelberg}
}

@book{piel2017,
  title =      {Plasma Physics:  An Introduction to Laboratory, Space,
                and Fusion Plasmas},
  author =     {Piel, A.},
  isbn =       9783319634272,
  series =     {Graduate Texts in Physics},
  url =	       {https://books.google.com.br/books?id=9cA0DwAAQBAJ},
  year =       2017,
  publisher =  {Springer International Publishing}
}

@book{MP2012,
  title =      {Physics of Collisional Plasmas},
  booktitle =  {Introduction to High-Frequency Discharges},
  author =     {Michel Moisan and Jacques Pelletier},
  year =       2012,
  publisher =  {Springer Netherlands},
  isbn =       {978-94-007-4557-5},
  doi =	       {10.1007/978-94-007-4558-2},
  url =	       {http://www.springer.com/br/book/9789400745575}
}

@book{Yuri2016,
   title =     {Modern Methods in Collisional-Radiative Modeling of Plasmas},
   author =    {Yuri Ralchenko},
   publisher = {Springer International Publishing},
   isbn =      {978-3-319-27512-3},
   doi =       {10.1007/978-3-319-27514-7},
   year =      {2016},
   series =    {Springer Series on Atomic, Optical, and Plasma Physics},
   edition =   {1},
   volume =    {90}
}

@book{Belmont2013,
  title =      {Collisionless Plasmas in Astrophysics},
  author  =      {G√©rard Belmont and Roland  Grappin and Fabrice Mottez and
                Filippo Pantellini and Guy Pelletier},
  publisher =  {Wiley-VCH},
  isbn =       9783527410743,
  year =       2013,
  edition =    1,
  doi =	       {10.1002/9783527656226}
}


@book{GolgHut1995,
  title =      {Introduction to Plasma Physics},
  author =     {Robert J. Goldston, Paul H. Rutherford},
  publisher =  {Institute of Physics Publ.},
  isbn =       9780750301831,
  year =       1995,
  series =     {Plasma Physics Series},
  url =	       {https://books.google.com.br/books?id=AQDvAAAAMAAJ}
}

@book{Balescu1988Clas,
  title =      {Transport Processes in Plasmas: Classical transport},
  author =     {Balescu, R.},
  isbn =       9780444870919,
  lccn =       88201480,
  series =     {Transport Processes in Plasmas},
  url =	       {https://books.google.com.br/books?id=LpUfAQAAMAAJ},
  year =       1988,
  publisher =  {North-Holland}
}

@book{Balescu1988Neo,
  title =      {Transport Processes in Plasmas: Neoclassical Transport
                Theory},
  author =     {Balescu, R.},
  isbn =       9780444870926,
  lccn =       88201480,
  series =     {Transport Processes in Plasmas},
  url =	       {https://books.google.com.br/books?id=NZgiAQAAIAAJ},
  year =       1988,
  publisher =  {North-Holland}
}

@book{Balescu2005Anom,
  title =      {Aspects of Anomalous Transport in Plasmas},
  author =     {Balescu, R.},
  isbn =       9781420034684,
  lccn =       2006277225,
  series =     {Series in Plasma Physics},
  url =	       {https://books.google.com.br/books?id=Yaupom\_qdKIC},
  year =       2005,
  publisher =  {CRC Press}
}

@book{Cap1982,
  title =      {Handbook on Plasma Instabilities},
  author =     {Ferdinand F. Cap},
  volume =     {3},
  isbn =       9780121591038,
  url =	       {https://books.google.com.br/books?id=pepAAQAAIAAJ},
  year =       1982,
  publisher =  {Academic Press}
}

@book{Kelley2009,
  title   =    {The   Earth's   Ionosphere:   Plasma  Physics   and
                Electrodynamics},
  author =     {Kelley, M.C.},
  isbn =       9780080916576,
  series =     {International Geophysics},
  url =	       {https://books.google.com.br/books?id=3GlWQnjBQNgC},
  year =       2009,
  publisher =  {Elsevier Science}
}

@book{Kulsrud2005,
  title =      {Plasma Physics for Astrophysics},
  author =     {Kulsrud, R.M.},
  isbn =       9780691120737,
  series =     {Princeton series in astrophysics},
  url =	       {https://books.google.com.br/books?id=kuk9DwAAQBAJ},
  year =       2005,
  publisher =  {Princeton University Press}
}

@BOOK{Kadomtsev1965,
  author =     {{Kadomtsev}, B.~B.},
  title =      "{Plasma turbulence}",
  publisher =  {Academic Press, New York},
  year =       1965,
  url =	       {http://adsabs.harvard.edu/abs/1965pltu.book.....K},
}

@book{piel2017,
  title={Plasma Physics: An Introduction to Laboratory, Space, and Fusion Plasmas},
  author={Piel, A.},
  isbn={9783319634272},
  lccn={2017950029},
  doi={10.1007/978-3-319-63427-2},
  url={https://link.springer.com/book/10.1007/978-3-319-63427-2},
  edition={2},
  year={2017},
  publisher={Springer International Publishing}
}

@book{schindler_2006,
  title =	 {Physics of Space Plasma Activity},
  author =	 {Schindler, Karl},
  DOI =		 {10.1017/CBO9780511618321},
  publisher =	 {Cambridge University Press},
  place =	 {Cambridge},
  year =	 2006
}

@BOOK{NAP10477,
  author =	 "National Research Council",
  title =	 "The Sun to the Earth -- and Beyond: A Decadal
                  Research Strategy in Solar and Space Physics",
  isbn =	 "978-0-309-08509-0",
  doi =		 "10.17226/10477",
  url =          "https://www.nap.edu/catalog/10477/the-sun-to-the-earth-and-beyond-a-decadal-research",
  year =	 2003,
  publisher =	 "The National Academies Press",
  address =	 "Washington, DC"
}


@book{chang_2015,
  title =	 {An Introduction to Space Plasma Complexity},
  author =	 {Chang, Tom Tien Sun},
  DOI =		 {10.1017/CBO9780511980251},
  publisher =	 {Cambridge University Press},
  year =	 2015,
  series =	 {Cambridge Atmospheric and Space Science Series},
  collection =	 {Cambridge Atmospheric and Space Science Series}
  place =	 {Cambridge},
}

@BOOK{Gombosi2004,
  author =	 {{Gombosi}, T.~I.},
  title =	 "{Physics of the Space Environment}",
  booktitle =	 {Physics of the Space Environment, by Tamas
                  I.~Gombosi, pp.~357.~ISBN 052160768X.~Cambridge, UK:
                  Cambridge University Press, August 2004.},
  year =	 2004,
  month =	 aug,
  pages =	 357,
  isbn =         "052160768X",
  adsurl =       {https://ui.adsabs.harvard.edu/abs/2004pse..book.....G},
  adsnote =	 {Provided by the SAO/NASA Astrophysics Data System}
}
