@article{Akopyan1977,
  author =	 {{Akopyan}, A.~V. and {Tsytovich}, V.~N.},
  title =	 "{Bremsstrahlung instability of relativistic electrons in a
                  plasma}",
  journal =	 {Astrofizika},
  month =	 nov,
  year =	 1977,
  volume =	 13,
  pages =	 717,
  url =		 {http://cdsads.u-strasbg.fr/abs/1977Afz....13..717A}
}

@article{Alfven1961,
  author =	 {{Alfv{\'e}n}, H.},
  title =	 "{On the Origin of Cosmic Magnetic Fields.}",
  journal =	 {The Astrophysical Journal},
  year =	 1961,
  month =	 may,
  volume =	 133,
  pages =	 1049,
  doi =		 {10.1086/147108},
  adsurl =	 {https://ui.adsabs.harvard.edu/abs/1961ApJ...133.1049A},
  adsnote =	 {Provided by the SAO/NASA Astrophysics Data System}
}

@article{Alfven1971,
  author =	 {Alfvén,Hannes},
  title =	 "{Plasma Physics Applied to Cosmology.}",
  journal =	 {Physics Today},
  year =	 1971,
  volume =	 24,
  number =	 2,
  pages =	 {28-33},
  doi =		 {10.1063/1.3022564},
  url =		 {https://doi.org/10.1063/1.3022564}
}

@article{Anderson94,
  author =	 {Anderson, S.~W.},
  title =	 "{Coulomb collisions and coronal heating by velocity
                  filtration}",
  journal =	 {The Astrophysical Journal},
  year =	 1994,
  month =	 dec,
  volume =	 437,
  pages =	 {860-866},
  doi =		 {10.1086/175046},
}

@article{BEK03,
  author =	 {John C.  Brown and A.  Gordon Emslie and Eduard P. Kontar},
  title =	 {The Determination and Use of Mean Electron Flux Spectra in
                  Solar Flares},
  journal =	 {The Astrophysical Journal Letters},
  volume =	 595,
  number =	 2,
  pages =	 {L115},
  url =		 {http://stacks.iop.org/1538-4357/595/i=2/a=L115},
  year =	 2003,
}

@article{BESK14,
  author =	 {Nicolas H.  Bian and A.  Gordon Emslie and Duncan
                  J. Stackhouse and Eduard P. Kontar},
  title =	 {The Formation of Kappa-distribution Accelerated Electron
                  Populations in Solar Flares},
  journal =	 {The Astrophysical Journal},
  volume =	 796,
  number =	 2,
  pages =	 142,
  url =		 {http://stacks.iop.org/0004-637X/796/i=2/a=142},
  year =	 2014,
}

@article{BGB13,
  Author =	 {Black, Carrie and Germaschewski, Kai and Bhattacharjee,
                  Amitava and Ng, C. S.},
  Title =	 {Discrete kinetic eigenmode spectra of electron plasma
                  oscillations in weakly collisional plasma: A numerical study},
  Journal =	 {Phys. Plasmas},
  Year =	 2013,
  Volume =	 20,
  Number =	 1,
  Month =	 {Jan},
  DOI =		 {10.1063/1.4789882},
  Article-Number =012125,
  ISSN =	 {1070-664X},
  EISSN =	 {1089-7674},
}

@article{BNKR14,
  Author =	 {Bian, Nicolas H.  and Kontar, Eduard P. and Ratcliffe,
                  Heather},
  Title =	 {Resonance broadening due to particle scattering and mode
                  coupling in the quasi-linear relaxation of electron beams},
  Journal =	 {Journal of Geophysical Research - Space Physics},
  Year =	 2014,
  Volume =	 119,
  Number =	 6,
  Pages =	 {4239-4255},
  Month =	 {JUN},
  DOI =		 {10.1002/2013JA019664},
  ISSN =	 {2169-9380},
  EISSN =	 {2169-9402},
  Unique-ID =	 {ISI:000339710300007},
}

@article{BW70,
  author =	 {Bogdanor, John L. and Willett, Joseph E.},
  title =	 {Collisional Damping of Plasma Oscillations},
  journal =	 {Journal of Applied Physics.},
  year =	 1970,
  volume =	 41,
  number =	 6,
  pages =	 {2601-2605},
  url =          {http://scitation.aip.org/content/aip/journal/jap/41/6/10.1063/1.1659269},
  doi =		 {10.1063/1.1659269}
}

@article{Balogh2013,
  author =	 "Balogh, Andr{\'e} and Bykov, Andrei and Cargill, Peter and
                  Dendy, Richard and Dudok de Wit, Thierry and Raymond, John",
  title =	 "Microphysics of Cosmic Plasmas: Background, Motivation and
                  Objectives",
  journal =	 "Space Science Reviews",
  year =	 2013,
  month =	 "Oct",
  day =		 01,
  volume =	 178,
  number =	 2,
  pages =	 "77--80",
  issn =	 "1572-9672",
  doi =		 "10.1007/s11214-013-0027-1",
  url =		 "https://doi.org/10.1007/s11214-013-0027-1"
}

@article{Benetti2012,
  author =	 {{Benetti}, F.~P.~d.~C.  and {Teles}, T.~N.  and {Pakter},
                  R. and {Levin}, Y.},
  title =	 "{Ergodicity Breaking and Parametric Resonances in Systems with
                  Long-Range Interactions}",
  journal =	 {Physical Review Letters},
  archivePrefix ="arXiv",
  eprint =	 {1202.1810},
  primaryClass = "cond-mat.stat-mech",
  keywords =	 {Classical statistical mechanics, Nonlinear dynamics and chaos,
                  Nonequilibrium and irreversible thermodynamics},
  year =	 2012,
  month =	 apr,
  volume =	 108,
  number =	 14,
  eid =		 140601,
  pages =	 140601,
  doi =		 {10.1103/PhysRevLett.108.140601},
  url =		 {http://adsabs.harvard.edu/abs/2012PhRvL.108n0601B},
  adsnote =	 {Provided by the SAO/NASA Astrophysics Data System}
}

@article{Braginskii1965,
  author =	 {{Braginskii}, S.~I.},
  title =	 "{Transport Processes in a Plasma}",
  journal =	 {Reviews of Plasma Physics},
  year =	 1965,
  volume =	 1,
  pages =	 205,
  url =		 {http://adsabs.harvard.edu/abs/1965RvPP....1..205B},
  adsnote =	 {Provided by the SAO/NASA Astrophysics Data System}
}

@article{Broiles2016,
  author =	 {{Broiles}, T.~W. and {Livadiotis}, G.  and {Burch}, J.~L. and
                  {Chae}, K.  and {Clark}, G.  and {Cravens}, T.~E.  and
                  {Davidson}, R.  and {Eriksson}, A.  and {Frahm}, R.~A. and
                  {Fuselier}, S.~A. and {Goldstein}, J. and {Goldstein}, R. and
                  {Henri}, P. and {Madanian}, H. and {Mandt}, K.  and {Mokashi},
                  P.  and {Pollock}, C. and {Rahmati}, A.  and {Samara}, M. and
                  {Schwartz}, S.~J.},
  title =	 "{Characterizing cometary electrons with kappa distributions}",
  journal =	 {Journal of Geophysical Research},
  keywords =	 {comet 67P/Churyumov-Gerasimenko, Rosetta, cometary
                  photoelectrons, solar wind halo electrons, kappa distribution},
  year =	 2016,
  month =	 aug,
  volume =	 121,
  pages =	 {7407-7422},
  doi =		 {10.1002/2016JA022972},
  url =		 {http://adsabs.harvard.edu/abs/2016JGRA..121.7407B},
  adsnote =	 {Provided by the SAO/NASA Astrophysics Data System}
}

@article{Brown1972,
  Author =	 {Brown, J.~C.},
  Title =	 {Decay Characteristics of Models of Solar Hard X-ray Bursts},
  Journal =	 {Solar Physics},
  Year =	 1972,
  Volume =	 25,
  Number =	 1,
  Pages =	 158,
  DOI =		 {10.1007/BF00155754},
  ISSN =	 {0038-0938},
}

@article{Brown2006,
  author =	 {John C.  Brown and A.  Gordon Emslie and Gordon D. Holman and
                  Christopher M. Johns-Krull and Eduard P. Kontar and Robert
                  P. Lin and Anna Maria Massone and Michele Piana},
  title =	 {Evaluation of Algorithms for Reconstructing Electron Spectra
                  from Their Bremsstrahlung Hard X-Ray Spectra},
  journal =	 {The Astrophysical Journal},
  volume =	 643,
  number =	 1,
  pages =	 523,
  url =		 {http://stacks.iop.org/0004-637X/643/i=1/a=523},
  year =	 2006,
}

@article{Brown2013,
  author =	 "Brown, M. R.  and Browning, P. K.  and Dieckmann, M. E.  and
                  Furno, I.  and Intrator, T. P.",
  title =	 "Microphysics of Cosmic Plasmas: Hierarchies of Plasma
                  Instabilities from MHD to Kinetic",
  journal =	 "Space Science Reviews",
  year =	 2013,
  month =	 "Oct",
  day =		 01,
  volume =	 178,
  number =	 2,
  pages =	 "357--383",
  issn =	 "1572-9672",
  doi =		 "10.1007/s11214-013-0005-7",
  url =		 "https://doi.org/10.1007/s11214-013-0005-7"
}

@article{Brown71,
  author =	 {{Brown}, J.~C.},
  title =	 "{The Deduction of Energy Spectra of Non-Thermal Electrons in
                  Flares from the Observed Dynamic Spectra of Hard X-Ray
                  Bursts}",
  journal =	 {Solar Physics},
  year =	 1971,
  month =	 jul,
  volume =	 18,
  pages =	 {489-502},
  doi =		 {10.1007/BF00149070},
  url =		 {http://adsabs.harvard.edu/abs/1971SoPh...18..489B},
  adsnote =	 {Provided by the SAO/NASA Astrophysics Data System}
}

@article{Browning1988,
  title =	 {Magnetic relaxation in solar and laboratory plasmas},
  author =	 {P K Browning},
  doi =		 {10.1088/0741-3335/30/1/002},
  url =		 {https://doi.org/10.1088%2F0741-3335%2F30%2F1%2F002},
  year =	 1988,
  month =	 {jan},
  publisher =	 {{IOP} Publishing},
  volume =	 30,
  number =	 1,
  pages =	 {1--10},
  journal =	 {Plasma Physics and Controlled Fusion},
}

@article{CG14,
  author =	 {H. Che and M. L. Goldstein},
  title =	 {The Origin of Non-Maxwellian Solar Wind Electron Velocity
                  Distribution Function: Connection to Nanoflares in the Solar
                  Corona},
  journal =	 {Astrophysical Journal Letters},
  volume =	 795,
  number =	 2,
  pages =	 {L38},
  url =		 {http://stacks.iop.org/2041-8205/795/i=2/a=L38},
  year =	 2014,
}

@article{CGV14,
  title =	 {Bidirectional Energy Cascades and the Origin of Kinetic
                  Alfv\'enic and Whistler Turbulence in the Solar Wind},
  author =	 {Che, H. and Goldstein, M. L. and Vi\~nas, A. F.},
  journal =	 {Physical Review Letters},
  volume =	 112,
  issue =	 6,
  pages =	 061101,
  numpages =	 5,
  year =	 2014,
  month =	 {Feb},
  publisher =	 {American Physical Society},
  doi =		 {10.1103/PhysRevLett.112.061101},
  url =		 {https://link.aps.org/doi/10.1103/PhysRevLett.112.061101}
}

@article {CM08,
  author =	 {Califano, F. and Mangeney, A.},
  title =	 {A one dimensional, electrostatic Vlasov model for the
                  generation of suprathermal electron tails in solar wind
                  conditions},
  journal =	 {Journal of Geophysical Research},
  volume =	 113,
  number =	 {A6},
  issn =	 {2156-2202},
  url =		 {http://dx.doi.org/10.1029/2007JA012841},
  doi =		 {10.1029/2007JA012841},
  pages =	 {n/a--n/a},
  keywords =	 {Solar wind plasma, Wave/particle interactions, Kinetic and MHD
                  theory, Particle acceleration, Vlasov equation, suprathermal
                  tails, solar wind},
  year =	 2008,
  note =	 {A06103},
}

@article{Callen2014,
  Author =	 {Callen, J. D.},
  Title =	 {Coulomb collision effects on linear Landau damping},
  Journal =	 {PoP},
  Year =	 2014,
  Volume =	 21,
  Number =	 5,
  Month =	 {MAY},
  DOI =		 {10.1063/1.4875726},
  ISSN =	 {1070-664X},
  EISSN =	 {1089-7674},
}

@article{Canullo96,
  author =	 {{Canullo}, M.~V. and {El Hasi}, C.~D.},
  title =	 "{Langmuir Instabilities in the Solar Wind Plasma}",
  journal =	 {The Astrophysical Journal},
  keywords =	 {Instabilities, plasmas, sun: solar wind},
  year =	 1996,
  month =	 apr,
  volume =	 461,
  pages =	 472,
  doi =		 {10.1086/177074},
  url =		 {http://adsabs.harvard.edu/abs/1996ApJ...461..472C},
}

@article{Chen2016,
  title =	 {Recent progress in astrophysical plasma turbulence from solar
                  wind observations},
  volume =	 82,
  DOI =		 {10.1017/S0022377816001124},
  number =	 6,
  journal =	 {Journal of Plasma Physics},
  publisher =	 {Cambridge University Press},
  author =	 {Chen, C. H. K.},
  year =	 2016
}

@article{Chen2019,
  author =	 {Chen, C. H. K.  and Klein, K. G.  and Howes, G. G.},
  title =	 {Evidence for electron Landau damping in space plasma
                  turbulence},
  journal =	 {Nature Communications},
  year =	 2019,
  volume =	 10,
  number =	 1,
  pages =	 740,
  issn =	 {2041-1723},
  doi =		 {10.1038/s41467-019-08435-3},
  url =		 {https://doi.org/10.1038/s41467-019-08435-3}
}

@article{Christon1991,
  author =	 {{Christon}, S.~P.  and {Williams}, D.~J.  and {Mitchell},
                  D.~G.  and {Huang}, C.~Y.  and {Frank}, L.~A.},
  title =	 "{Spectral characteristics of plasma sheet ion and electron
                  populations during disturbed geomagnetic conditions}",
  journal =	 {Journal of Geophysical Research},
  year =	 1991,
  month =	 jan,
  volume =	 96,
  number =	 {A1},
  issn =	 {2156-2202},
  pages =	 {1-22},
  url =		 {http://dx.doi.org/10.1029/90JA01633},
  doi =		 {10.1029/90JA01633}
}

@article{Clark2015,
  author =	 {{Clark}, G.  and {Broiles}, T.~W.  and {Burch}, J.~L.  and
                  {Collinson}, G.~A. and {Cravens}, T.  and {Frahm}, R.~A. and
                  {Goldstein}, J.  and {Goldstein}, R.  and {Mandt}, K. and
                  {Mokashi}, P.  and {Samara}, M. and {Pollock}, C.~J.  },
  title =	 "{Suprathermal electron environment of comet
                  67P/Churyumov-Gerasimenko: Observations from the Rosetta Ion
                  and Electron Sensor}",
  journal =	 {Astronomy \& Astrophysics},
  keywords =	 {comets: individual: 67P/Churyumov-Gerasimenko, plasmas, solar
                  wind},
  year =	 2015,
  month =	 nov,
  volume =	 583,
  eid =		 {A24},
  pages =	 {A24},
  doi =		 {10.1051/0004-6361/201526351},
  url =		 {http://adsabs.harvard.edu/abs/2015A%26A...583A..24C},
  adsnote =	 {Provided by the SAO/NASA Astrophysics Data System}
}

@article{Colgate1967,
  author =	 {{Colgate}, S.~A.},
  title =	 "{Stellar Coalescence and the Multiple Supernova Interpretation
                  of Quasi-Stellar Sources}",
  journal =	 {The Astrophysical Journal},
  year =	 1967,
  volume =	 150,
  pages =	 163,
  doi =		 {10.1086/149319},
  url =		 {http://adsabs.harvard.edu/abs/1967ApJ...150..163C},
}

@article {Collier93,
  author =	 {Collier, Michael R.},
  title =	 {On generating Kappa-like distribution functions using velocity
                  space Lévy flights},
  journal =	 {Journal of Geophysical Research},
  volume =	 20,
  number =	 15,
  issn =	 {1944-8007},
  url =		 {http://dx.doi.org/10.1029/93GL01702},
  doi =		 {10.1029/93GL01702},
  pages =	 {1531--1534},
  keywords =	 {Interplanetary Physics: Solar wind plasma, Magnetospheric
                  Physics: Energetic particles, trapped, Magnetospheric Physics:
                  Planetary magnetospheres, Space Plasma Physics: Charged
                  particle motion and acceleration},
  year =	 1993,
}

@article{Comisar63,
  author =	 "Comisar, G. G.",
  title =	 "Collisional Damping of Plasma Oscillations",
  journal =	 "Physics of Fluids",
  year =	 1963,
  volume =	 6,
  number =	 1,
  pages =	 "76-82",
  doi =		 "10.1063/1.1724511"
}

@article{Coroniti1974,
  author =	 {{Coroniti}, F.~V.},
  title =	 "{Energetic Electrons in Jupiter's Magnetosphere}",
  journal =	 {The Astrophysical Journal Supplement},
  year =	 1974,
  month =	 mar,
  volume =	 27,
  pages =	 261,
  doi =		 {10.1086/190296},
  url =		 {http://adsabs.harvard.edu/abs/1974ApJS...27..261C},
  adsnote =	 {Provided by the SAO/NASA Astrophysics Data System}
}

@article{Cranmer14,
  author =	 {Steven R. Cranmer},
  title =	 {Suprathermal Electrons in the Solar Corona: Can Nonlocal
                  Transport Explain Heliospheric Charge States?},
  journal =	 {Astrophysical Journal Letters},
  volume =	 791,
  number =	 2,
  pages =	 {L31},
  url =		 {http://stacks.iop.org/2041-8205/791/i=2/a=L31},
  year =	 2014,
}

@article{Cranmer2017,
  author =	 "Cranmer, Steven R.  and Gibson, Sarah E.  and Riley, Pete",
  title =	 "Origins of the Ambient Solar Wind: Implications for Space
                  Weather",
  journal =	 "Space Science Reviews",
  year =	 2017,
  month =	 "Nov",
  day =		 01,
  volume =	 212,
  number =	 3,
  pages =	 "1345--1384",
  doi =		 "10.1007/s11214-017-0416-y",
  url =		 "https://doi.org/10.1007/s11214-017-0416-y"
}

@article{DDHEMOH17,
  title =	 {Electron and Ion Dynamics of the Solar Wind Interaction with a
                  Weakly Outgassing Comet},
  author =	 {Deca, Jan and Divin, Andrey and Henri, Pierre and Eriksson,
                  Anders and Markidis, Stefano and Olshevsky, Vyacheslav and
                  Hor\'anyi, Mih\'aly},
  journal =	 {Physical Review Letters},
  volume =	 118,
  issue =	 20,
  pages =	 205101,
  numpages =	 6,
  year =	 2017,
  month =	 {May},
  publisher =	 {American Physical Society},
  doi =		 {10.1103/PhysRevLett.118.205101},
  url =		 {https://link.aps.org/doi/10.1103/PhysRevLett.118.205101}
}

@article{DKK11,
  author =	 {Dudík, J. and Dzifčáková, E.  and Karlický, M. and Kulinová,
                  A.},
  title =	 {The bound-bound and free-free radiative losses for the
                  nonthermal distributions in solar and stellar coronae⋆},
  DOI =		 "10.1051/0004-6361/201016329",
  url =		 "https://doi.org/10.1051/0004-6361/201016329",
  journal =	 {Astronomy \& Astrophysics},
  year =	 2011,
  volume =	 529,
  pages =	 "A103",
}

@article {DS03,
  author =	 {Dorelli, John C. and Scudder, Jack D.},
  title =	 {Electron heat flow in the solar corona: Implications of
                  non-Maxwellian velocity distributions, the solar gravitational
                  field, and Coulomb collisions},
  journal =	 {Journal of Geophysical Research},
  volume =	 108,
  number =	 {A7},
  issn =	 {2156-2202},
  url =		 {http://dx.doi.org/10.1029/2002JA009484},
  doi =		 {10.1029/2002JA009484},
  pages =	 {n/a--n/a},
  year =	 2003,
  note =	 1294,
}

@article {DS99,
  author =	 {Dorelli, John C. and Scudder, Jack D.},
  title =	 {Electron heat flow carried by Kappa Distributions in the solar
                  corona},
  journal =	 {Journal of Geophysical Research},
  volume =	 26,
  number =	 23,
  issn =	 {1944-8007},
  url =		 {http://dx.doi.org/10.1029/1999GL010687},
  doi =		 {10.1029/1999GL010687},
  pages =	 {3537--3540},
  year =	 1999,
}

@article{DeForest_2018,
  title =	 {The Highly Structured Outer Solar Corona},
  author =	 {C. E. DeForest and R. A. Howard and M. Velli and N. Viall and
                  A. Vourlidas},
  journal =	 {The Astrophysical Journal},
  doi =		 {10.3847/1538-4357/aac8e3},
  url =		 {https://doi.org/10.3847%2F1538-4357%2Faac8e3},
  year =	 2018,
  month =	 {jul},
  publisher =	 {American Astronomical Society},
  volume =	 862,
  number =	 1,
  pages =	 18
}

@article{DeSoria2016,
  author =	 {{de Soria-Santacruz}, M. and {Garrett}, H.~B.  and {Evans},
                  R.~W.  and {Jun}, I.  and {Kim}, W.  and {Paranicas}, C. and
                  {Drozdov}, A.  },
  title =	 "{An empirical model of the high-energy electron environment at
                  Jupiter}",
  journal =	 {Journal of Geophysical Research (Space Phys.)},
  keywords =	 {Jupiter's magnetosphere, high-energy electrons},
  year =	 2016,
  month =	 oct,
  volume =	 121,
  pages =	 {9732-9743},
  doi =		 {10.1002/2016JA023059},
  url =		 {http://adsabs.harvard.edu/abs/2016JGRA..121.9732D},
  adsnote =	 {Provided by the SAO/NASA Astrophysics Data System}
}

@article{Deca2017,
  author =	 {{Deca}, J.  and {Divin}, A.  and {Henri}, P.  and {Eriksson},
                  A. and {Markidis}, S. and {Olshevsky}, V. and {Hor{\'a}nyi},
                  M.},
  title =	 "{Electron and Ion Dynamics of the Solar Wind Interaction with
                  a Weakly Outgassing Comet}",
  journal =	 {Physical Review Letters},
  year =	 2017,
  month =	 may,
  volume =	 118,
  number =	 20,
  eid =		 205101,
  pages =	 205101,
  doi =		 {10.1103/PhysRevLett.118.205101},
  url =		 {http://adsabs.harvard.edu/abs/2017PhRvL.118t5101D},
  adsnote =	 {Provided by the SAO/NASA Astrophysics Data System}
}

@article{Dialynas2017,
  author =	 {Dialynas, K.  and Krimigis, S. M.  and Mitchell, D. G.  and
                  Decker, R. B.  and Roelof, E. C.},
  title =	 {The bubble-like shape of the heliosphere observed by Voyager
                  and Cassini},
  journal =	 {Nature Astronomy},
  year =	 2017,
  month =	 {Apr},
  day =		 24,
  publisher =	 {Macmillan Publishers Limited, part of Springer Nature. SN -},
  volume =	 1,
  pages =	 0115,
  note =	 {Letter},
  url =		 {https://doi.org/10.1038/s41550-017-0115}
}



@article{Dimarco2015,
  author =	 {Dimarco, G. and Li, Q. and Pareschi, L. and Yan, B.},
  title =	 {Numerical methods for plasma physics in collisional regimes},
  volume =	 81,
  DOI =		 {10.1017/S0022377814000762},
  number =	 1,
  journal =	 {Journal of Plasma Physics},
  publisher =	 {Cambridge University Press},
  year =	 2015
}

@article {Dimmock2019,
  author =	 {Dimmock, Andrew P. and Russell, Christopher T. and Sagdeev,
                  Roald Z. and Krasnoselskikh, Vladimir and Walker, Simon N. and
                  Carr, Christopher and Dandouras, Iannis and Escoubet,
                  C. Philippe and Ganushkina, Natalia and Gedalin, Michael and
                  Khotyaintsev, Yuri V. and Aryan, Homayon and Pulkkinen, Tuija
                  I. and Balikhin, Michael A.},
  title =	 {Direct evidence of nonstationary collisionless shocks in space
                  plasmas},
  volume =	 5,
  number =	 2,
  elocation-id = {eaau9926},
  year =	 2019,
  doi =		 {10.1126/sciadv.aau9926},
  publisher =	 {American Association for the Advancement of Science},
  URL =		 {https://advances.sciencemag.org/content/5/2/eaau9926},
  eprint =	 {https://advances.sciencemag.org/content/5/2/eaau9926.full.pdf},
  journal =	 {Science Advances}
}

@article{Divine1983,
  author =	 {{Divine}, N. and {Garrett}, H.~B.},
  title =	 "{Charged particle distributions in Jupiter's magnetosphere}",
  journal =	 {Journal of Geophysical Research},
  year =	 1983,
  month =	 sep,
  volume =	 88,
  pages =	 {6889-6903},
  doi =		 {10.1029/JA088iA09p06889},
  url =		 {http://adsabs.harvard.edu/abs/1983JGR....88.6889D},
  adsnote =	 {Provided by the SAO/NASA Astrophysics Data System}
}

@article{Dobranskis2014,
  author =	 {R. R. Dobranskis and V. V. Zharkova},
  title =	 {Exact Analytical Solutions of Continuity Equation for Electron
                  Beams Precipitating in Coulomb Collisions},
  journal =	 {The Astrophysical Journal},
  volume =	 788,
  number =	 1,
  pages =	 42,
  doi =		 {10.1088/0004-637X/788/1/42},
  year =	 2014,
}

@article{Donnert2014,
  author =	 {Donnert, J. and Brunetti, G.},
  title =	 "{An efficient Fokker–Planck solver and its application to
                  stochastic particle acceleration in galaxy clusters}",
  journal =	 {Monthly Notices of the Royal Astronomical Society},
  volume =	 443,
  number =	 4,
  pages =	 {3564-3577},
  year =	 2014,
  month =	 08,
  issn =	 {0035-8711},
  doi =		 {10.1093/mnras/stu1417},
  url =		 {https://doi.org/10.1093/mnras/stu1417},
  adsurl =	 {https://ui.adsabs.harvard.edu/abs/2014MNRAS.443.3564D}
}


@article{Echim2011,
  author =	 "Echim, Marius M.  and Lemaire, Joseph and Lie-Svendsen,
                  {\O}ystein",
  title =	 "A Review on Solar Wind Modeling: Kinetic and Fluid Aspects",
  journal =	 "Surveys in Geophysics",
  year =	 2011,
  month =	 "Jan",
  day =		 01,
  volume =	 32,
  number =	 1,
  pages =	 "1--70",
  issn =	 "1573-0956",
  doi =		 "10.1007/s10712-010-9106-y",
  url =		 "http://dx.doi.org/10.1007/s10712-010-9106-y"
}

@article{Edney2001,
  author =	 {S. D. Edney and P. A. Robinson},
  title =	 {Analytic treatment of weak-turbulence Langmuir wave
                  electrostatic decay},
  journal =	 {Physics of Plasmas},
  volume =	 8,
  number =	 2,
  pages =	 {428-440},
  year =	 2001,
  doi =		 {10.1063/1.1339839},
  URL =		 {https://doi.org/10.1063/1.1339839},
}

@article{Emslie1984,
  author =	 {Emslie, A.~G. and Smith, D.~F.},
  title =	 "{Microwave signature of thick-target electron beams in solar
                  flares}",
  journal =	 {The Astrophysical Journal},
  keywords =	 {Electron Beams, Microwave Emission, Microwave Signatures,
                  Plasma Radiation, Solar Electrons, Solar Flares, Solar Radio
                  Emission, Coulomb Collisions, Electron Distribution, Ion
                  Acoustic Waves, Plasma Turbulence, Relaxation (Mechanics)},
  year =	 1984,
  month =	 Apr,
  volume =	 279,
  pages =	 {882-895},
  doi =		 {10.1086/161959},
}

@article{Epperlein1992,
  title =	 {Damping of ion-acoustic waves in the presence of electron-ion
                  collisions},
  author =	 {Epperlein, E. M. and Short, R. W. and Simon, A.},
  journal =	 {Physical Review Letters},
  volume =	 69,
  issue =	 12,
  pages =	 {1765--1768},
  numpages =	 0,
  year =	 1992,
  month =	 {Sep},
  publisher =	 {American Physical Society},
  doi =		 {10.1103/PhysRevLett.69.1765},
  url =		 {http://link.aps.org/doi/10.1103/PhysRevLett.69.1765}
}

@article {FABG76,
  author =	 {Feldman, W. C. and Asbridge, J. R. and Bame, S. J. and
                  Gosling, J. T.},
  title =	 {High-speed solar wind flow parameters at 1 AU},
  journal =	 {Journal of Geophysical Research},
  volume =	 81,
  number =	 28,
  issn =	 {2156-2202},
  url =		 {http://dx.doi.org/10.1029/JA081i028p05054},
  doi =		 {10.1029/JA081i028p05054},
  pages =	 {5054--5060},
  year =	 1976,
}

@article {FABGL78,
  author =	 {Feldman, W. C. and Asbridge, J. R. and Bame, S. J. and
                  Gosling, J. T. and Lemons, D. S.},
  title =	 {Characteristic electron variations across simple high-speed
                  solar wind streams},
  journal =	 {Journal of Geophysical Research},
  volume =	 83,
  number =	 {A11},
  issn =	 {2156-2202},
  url =		 {http://dx.doi.org/10.1029/JA083iA11p05285},
  doi =		 {10.1029/JA083iA11p05285},
  pages =	 {5285--5295},
  keywords =	 {Corona},
  year =	 1978,
}

@article {FABMG75,
  author =	 {Feldman, W. C. and Asbridge, J. R. and Bame, S. J. and
                  Montgomery, M. D. and Gary, S. P.},
  title =	 {Solar wind electrons},
  journal =	 {Journal of Geophysical Research},
  volume =	 80,
  number =	 31,
  issn =	 {2156-2202},
  url =		 {http://dx.doi.org/10.1029/JA080i031p04181},
  doi =		 {10.1029/JA080i031p04181},
  pages =	 {4181--4196},
  keywords =	 {Corona},
  year =	 1975,
}

@article{FLD07,
  author =	 {U. Feldman and E. Landi and G. A. Doschek},
  title =	 {Diagnostics of Suprathermal Electrons in Active-Region Plasmas
                  Using He-like UV Lines},
  journal =	 {The Astrophysical Journal},
  volume =	 660,
  number =	 2,
  pages =	 1674,
  url =		 {http://stacks.iop.org/0004-637X/660/i=2/a=1674},
  year =	 2007,
}

@article{Falceta2014,
  author =	 {Falceta-Gon\c{c}alves, D. and Kowal, G. and Falgarone, E. and
                  Chian, A. C.-L.},
  title =	 {Turbulence in the interstellar medium},
  journal =	 {Nonlinear Processes in Geophysics},
  volume =	 21,
  year =	 2014,
  number =	 3,
  pages =	 {587--604},
  url =		 {https://www.nonlin-processes-geophys.net/21/587/2014/},
  doi =		 {10.5194/npg-21-587-2014}
}

@article{Fisk2012,
  author =	 {{Fisk}, L.~A. and {Gloeckler}, G.},
  title =	 "{Particle Acceleration in the Heliosphere: Implications for
                  Astrophysics}",
  journal =	 {Space Science Reviews},
  keywords =	 {Particle acceleration, Heliosphere, Interstellar medium},
  year =	 2012,
  month =	 nov,
  volume =	 173,
  pages =	 433,
  doi =		 {10.1007/s11214-012-9899-8},
  url =		 {http://adsabs.harvard.edu/abs/2012SSRv..173..433F},
  adsnote =	 {Provided by the SAO/NASA Astrophysics Data System}
}

@article{Funsten2013,
  author =	 {{Funsten}, H.~O.  and {DeMajistre}, R.  and {Frisch},
                  P.~C. and {Heerikhuisen}, J. and {Higdon}, D.~M. and {Janzen},
                  P. and {Larsen}, B.~A. and {Livadiotis}, G.  and {McComas},
                  D.~J. and {M{\"o}bius}, E.  and {Reese}, C.~S.  and
                  {Reisenfeld}, D.~B.  and {Schwadron}, N.~A. and {Zirnstein},
                  E.~J.},
  title =	 "{Circularity of the Interstellar Boundary Explorer Ribbon of
                  Enhanced Energetic Neutral Atom (ENA) Flux}",
  journal =	 {The Astrophysical Journal},
  keywords =	 {ISM: atoms, ISM: kinematics and dynamics, ISM: magnetic
                  fields, ISM: structure, Sun: heliosphere },
  year =	 2013,
  month =	 oct,
  volume =	 776,
  eid =		 30,
  pages =	 30,
  doi =		 {10.1088/0004-637X/776/1/30},
  url =		 {http://adsabs.harvard.edu/abs/2013ApJ...776...30F},
  adsnote =	 {Provided by the SAO/NASA Astrophysics Data System}
}

@article{Gabriel1991,
  title =	 "Interpretation of X-ray spectra from solar flares",
  journal =	 "Advances in Space Research",
  volume =	 11,
  number =	 1,
  pages =	 "323 - 326",
  year =	 1991,
  issn =	 "0273-1177",
  doi =		 "10.1016/0273-1177(91)90127-6",
  url =
                  "http://www.sciencedirect.com/science/article/pii/0273117791901276",
  author =	 "A.H. Gabriel and F. Bely-Dubau and F. Millier",
}

@article{GZ1958,
  author =	 {{Ginzburg}, V.~L. and {Zhelezniakov}, V.~V.},
  title =	 "{On the Possible Mechanisms of Sporadic Solar Radio Emission
                  (Radiation in an Isotropic Plasma)}",
  journal =	 {Soviet Astronomy},
  year =	 1958,
  month =	 oct,
  volume =	 2,
  pages =	 653,
  url =		 {http://adsabs.harvard.edu/abs/1958SvA.....2..653G},
  adsnote =	 {Provided by the SAO/NASA Astrophysics Data System}
}

@article{ginzburg1959,
  title =	 {On the mechanisms of sporadic solar radio emission},
  volume =	 9,
  DOI =		 {10.1017/S0074180900051494},
  journal =	 {Symposium - International Astronomical Union},
  publisher =	 {Cambridge University Press},
  author =	 {Ginzburg, V. L. and Zhelezniakov, V. V.},
  year =	 1959,
  pages =	 {574–582}
}

@article{GZVYR08,
  author =	 {R.  Gaelzer and L. F.  Ziebell and A. F.  Viñas and P. H. Yoon
                  and C.-M. Ryu},
  title =	 {Asymmetric Solar Wind Electron Superthermal Distributions},
  journal =	 {The Astrophysical Journal},
  volume =	 677,
  number =	 1,
  pages =	 676,
  url =		 {http://stacks.iop.org/0004-637X/677/i=1/a=676},
  year =	 2008,
}

@article{GaelzerZY02,
  author =	 "Gaelzer, R. and L. F. Ziebell and Peter H. Yoon",
  title =	 "Generation of harmonic {L}angmuir mode by beam plasma
                  instability",
  journal =	 "Phys. Plasmas",
  volume =	 9,
  number =	 1,
  pages =	 "96--110",
  month =	 "Jan",
  year =	 2002,
  doi =		 "10.1063/1.1421371",
}

@article{Gaffey1976,
  author =	 {{Gaffey}, Jr., J.~D.},
  title =	 "{Energetic ion distribution resulting from neutral beam
                  injection in tokamaks}",
  journal =	 {Journal of Plasma Physics},
  year =	 1976,
  month =	 oct,
  volume =	 16,
  pages =	 {149-169},
  doi =		 {10.1017/S0022377800020134},
  url =		 {http://adsabs.harvard.edu/abs/1976JPlPh..16..149G},
  adsnote =	 {Provided by the SAO/NASA Astrophysics Data System}
}

@article{Gailitis1964,
  author =	 {{Gailitis}, A.~K. and {Tsytovich}, V.~N.},
  title =	 "{Acceleration by Radiation and the Generation of Fast
                  Particles UnderCosmic Conditions. III. Time Variations in the
                  Intensity of Radio Sources}",
  journal =	 {Soviet Astronomy},
  month =	 dec,
  year =	 1964,
  volume =	 8,
  pages =	 359,
  url =		 {http://cdsads.u-strasbg.fr/abs/1964SvA.....8..359G}
}

@article{Ghavamian2013,
  author =	 "Ghavamian, Parviz and Schwartz, Steven J.  and Mitchell,
                  Jeremy and Masters, Adam and Laming, J. Martin",
  title =	 "Electron-Ion Temperature Equilibration in Collisionless
                  Shocks: The Supernova Remnant-Solar Wind Connection",
  journal =	 "Space Science Reviews",
  year =	 2013,
  month =	 "Oct",
  day =		 01,
  volume =	 178,
  number =	 2,
  pages =	 "633--663",
  issn =	 "1572-9672",
  doi =		 "10.1007/s11214-013-9999-0",
  url =		 "https://doi.org/10.1007/s11214-013-9999-0"
}

@inproceedings{Gloeckler2003,
  author =	 {{Gloeckler}, G.},
  title =	 "{Ubiquitous Suprathermal Tails on the Solar Wind and Pickup
                  Ion Distributions}",
  booktitle =	 {Solar Wind Ten},
  year =	 2003,
  series =	 {AIP Conference Series},
  volume =	 679,
  editor =	 {{Velli}, M. and {Bruno}, R. and {Malara}, F.  and {Bucci}, B.
                  },
  month =	 sep,
  pages =	 583,
  doi =		 {10.1063/1.1618663},
  url =		 {http://adsabs.harvard.edu/abs/2003AIPC..679..583G},
  adsnote =	 {Provided by the SAO/NASA Astrophysics Data System}
}

@article{Gottfried15,
  author =	 {Mann, Gottfried},
  title =	 {Energetic electrons generated during solar flares},
  journal =	 {J. Plasma Phys.},
  volume =	 81,
  issue =	 06,
  month =	 12,
  year =	 2015,
  issn =	 {1469-7807},
  pages =	 {475810601 (27 pages)},
  doi =		 {10.1017/S0022377815001166},
  URL =		 {http://journals.cambridge.org/article_S0022377815001166},
}

@article {Graham17,
  author =	 {Graham, G.  A. and Rae, I.  J. and Owen, C.  J. and Walsh, A.
                  P. and Arridge, C. S. and Gilbert, L. and Lewis, G. R.  and
                  Jones, G. H.  and Forsyth, C. and Coates, A. J. and Waite,
                  J. H.},
  title =	 {The evolution of solar wind strahl with heliospheric distance},
  journal =	 {Journal of Geophysical Research},
  volume =	 122,
  number =	 4,
  issn =	 {2169-9402},
  url =		 {http://dx.doi.org/10.1002/2016JA023656},
  doi =		 {10.1002/2016JA023656},
  pages =	 {3858--3874},
  year =	 2017,
  note =	 {2016JA023656},
}

@article{Grognard1982,
  author =	 "Grognard, R. J-M.",
  title =	 "Numerical simulation of the weak turbulence excited by a beam
                  of electrons in the interplanetary plasma",
  journal =	 "Solar Physics",
  year =	 1982,
  month =	 "Nov",
  day =		 01,
  volume =	 81,
  number =	 1,
  pages =	 "173--180",
  doi =		 "10.1007/BF00151988",
  url =		 "https://doi.org/10.1007/BF00151988"
}

@article{HBKSBP15,
  title =	 {Self-Similar Theory of Thermal Conduction and Application to
                  the Solar Wind},
  author =	 {Horaites, K.  and Boldyrev, S. and Krasheninnikov, S. I. and
                  Salem, C. and Bale, S. D. and Pulupa, M.},
  journal =	 {Physical Review Letters},
  volume =	 114,
  issue =	 24,
  pages =	 245003,
  numpages =	 5,
  year =	 2015,
  month =	 {Jun},
  publisher =	 {American Physical Society},
  doi =		 {10.1103/PhysRevLett.114.245003},
  url =		 {https://link.aps.org/doi/10.1103/PhysRevLett.114.245003}
}

@article{HHHL10,
  author =	 {I.  G. Hannah and H.  S. Hudson and G.  J. Hurford and
                  R. P. Lin},
  title =	 {Constraining the Hard X-ray Properties of the Quiet Sun with
                  New RHESSI Observations},
  journal =	 {The Astrophysical Journal},
  volume =	 724,
  number =	 1,
  pages =	 487,
  url =		 {http://stacks.iop.org/0004-637X/724/i=1/a=487},
  year =	 2010,
}

@article{HK13,
  Author =	 {Hannah, I. G. and Kontar, E. P.},
  Title =	 {Multi-thermal dynamics and energetics of a coronal mass
                  ejection in the low solar atmosphere},
  Journal =	 {Astronomy \& Astrophysics},
  Year =	 2013,
  Volume =	 553,
  Month =	 {MAY},
  DOI =		 {10.1051/0004-6361/201219727},
  Article-Number ={A10},
  ISSN =	 {0004-6361},
  Unique-ID =	 {ISI:000319858700010},
}

@article{HKR13,
  Author =	 {Hannah, I. G. and Kontar, E. P. and Reid, H. A. S.},
  Title =	 {Effect of turbulent density-fluctuations on wave-particle
                  interactions and solar flare X-ray spectra},
  Journal =	 {Astronomy \& Astrophysics},
  Year =	 2013,
  Volume =	 550,
  Month =	 {FEB},
  DOI =		 {10.1051/0004-6361/201220462},
  Article-Number ={A51},
  ISSN =	 {0004-6361},
}

@ARTICLE{HMC05,
  author =	 {{Hellberg}, M. and {Mace}, R. and {Cattaert}, T.},
  title =	 "{Effects of Superthermal Particles on Waves in Magnetized
                  Space Plasmas}",
  journal =	 {Space Science Reviews},
  keywords =	 {plasma waves, magnetosphere, kappa distribution},
  year =	 2005,
  month =	 nov,
  volume =	 121,
  pages =	 {127-139},
  doi =		 {10.1007/s11214-006-5024-1},
  url =		 {http://adsabs.harvard.edu/abs/2005SSRv..121..127H},
  adsnote =	 {Provided by the SAO/NASA Astrophysics Data System}
}

@article{HMD85,
  title =	 {Plasma Distribution Function in a Superthermal Radiation
                  Field},
  author =	 {Hasegawa, Akira and Mima, Kunioki and Duong-van, Minh},
  journal =	 {Physical Review Letters},
  volume =	 54,
  issue =	 24,
  pages =	 {2608--2610},
  numpages =	 0,
  year =	 1985,
  month =	 {Jun},
  publisher =	 {American Physical Society},
  doi =		 {10.1103/PhysRevLett.54.2608},
  url =		 {https://link.aps.org/doi/10.1103/PhysRevLett.54.2608}
}

@article{HP87,
  author =	 {Hamilton, R.~J. and Petrosian, V.},
  title =	 "{Generation of plasma waves by thick-target electron beams,
                  and the expected radiation signature}",
  journal =	 {The Astrophysical Journal},
  keywords =	 {Electromagnetic Radiation, Electron Beams, Electron Mobility,
                  High Energy Electrons, Plasma Waves, Thermal Plasmas, Coulomb
                  Collisions, Cross Sections, Energetic Particles, Energy
                  Dissipation, Kinetic Equations, Solar Flares},
  year =	 1987,
  month =	 oct,
  volume =	 321,
  pages =	 {721-734},
  doi =		 {10.1086/165665},
  url =		 {http://adsabs.harvard.edu/abs/1987ApJ...321..721H},
  adsnote =	 {Provided by the SAO/NASA Astrophysics Data System}
}

@article{Hannah2009,
  Author =	 {Hannah, I. G. and Kontar, E. P. and Sirenko, O. K.},
  Title =	 {The Effect of Wave-Particle Interactions on Low-Energy Cutoffs
                  in Solar Flare Electron Spectra},
  Journal =	 {Astrophysical Journal Letters},
  Year =	 2009,
  Volume =	 707,
  Number =	 1,
  Pages =	 {L45-L50},
  Month =	 {DEC 10},
  DOI =		 {10.1088/0004-637X/707/1/L45},
  ISSN =	 {2041-8205},
}

@article{Hannah2011,
  Author =	 {Hannah, I. G. and Kontar, E. P.},
  Title =	 {The spectral difference between solar flare HXR coronal and
                  footpoint sources due to wave-particle interactions},
  Journal =	 {Astronomy \& Astrophysics},
  Year =	 2011,
  Volume =	 529,
  Month =	 {MAY},
  DOI =		 {10.1051/0004-6361/201015710},
  Article-Number ={A109},
  ISSN =	 {0004-6361},
}

@article{Hanssen1991,
  author =	 {Hanssen, Alfred},
  title =	 {Resonance broadening modification of weak plasma turbulence
                  theory},
  journal =	 {Journal of Geophysical Research: Space Physics},
  volume =	 96,
  number =	 {A2},
  issn =	 {2156-2202},
  url =		 {http://dx.doi.org/10.1029/90JA02307},
  doi =		 {10.1029/90JA02307},
  pages =	 {1867--1871},
  year =	 1991,
}

@article{Hasegawa85,
  author =	 {{Hasegawa}, A. and {Mima}, K. and {Duong-van}, M.},
  title =	 "{Plasma distribution function in a superthermal radiation
                  field}",
  journal =	 {Physical Review Letters},
  year =	 1985,
  month =	 jun,
  volume =	 54,
  pages =	 {2608-2610},
  doi =		 {10.1103/PhysRevLett.54.2608},
  url =		 {http://adsabs.harvard.edu/abs/1985PhRvL..54.2608H},
}

@article{Holman03,
  Author =	 {Holman, G.~D.},
  Title =	 {The effects of low- and high-energy cutoffs on solar flare
                  microwave and hard X-ray spectra},
  Journal =	 {The Astrophysical Journal},
  Year =	 2003,
  Volume =	 586,
  Number =	 {1, 1},
  Pages =	 {606-616},
  Month =	 {MAR 20},
  DOI =		 {10.1086/367554},
  ISSN =	 {0004-637X},
}

@article{Holman2011,
  author =	 {Holman, G.~D. and Aschwanden, M.~J. and Aurass, H. and
                  Battaglia, M. and Grigis, P.~C. and Kontar, E.~P. and Liu,
                  W. and {Saint-Hilaire}, P. and Zharkova, V.~V.},
  title =	 "{Implications of X-ray Observations for Electron Acceleration
                  and Propagation in Solar Flares}",
  journal =	 {Space Science Reviews},
  year =	 2011,
  month =	 sep,
  volume =	 159,
  pages =	 {107-166},
  doi =		 {10.1007/s11214-010-9680-9},
}

@article{Horne2005,
  author =	 {{Horne}, R.~B.  and {Thorne}, R.~M. and {Shprits}, Y.~Y. and
                  {Meredith}, N.~P. and {Glauert}, S.~A. and {Smith}, A.~J.  and
                  {Kanekal}, S.~G.  and {Baker}, D.~N. and {Engebretson}, M.~J.
                  and {Posch}, J.~L. and {Spasojevic}, M.  and {Inan}, U.~S.
                  and {Pickett}, J.~S. and {Decreau}, P.~M.~E.},
  title =	 "{Wave acceleration of electrons in the Van Allen radiation
                  belts}",
  journal =	 {Nature},
  year =	 2005,
  month =	 sep,
  volume =	 437,
  pages =	 {227-230},
  doi =		 {10.1038/nature03939},
  url =		 {http://adsabs.harvard.edu/abs/2005Natur.437..227H},
  adsnote =	 {Provided by the SAO/NASA Astrophysics Data System}
}

@article{Howes2018,
  author =	 {Howes,Gregory G. },
  title =	 {Laboratory space physics: Investigating the physics of space
                  plasmas in the laboratory},
  journal =	 {Physics of Plasmas},
  volume =	 25,
  number =	 5,
  pages =	 055501,
  year =	 2018,
  doi =		 {10.1063/1.5025421},
  URL =		 {https://doi.org/10.1063/1.5025421},
}

@article{Huang1997,
  author =	 {{Haug}, E.},
  title =	 "{On the use of nonrelativistic bremsstrahlung cross sections
                  in astrophysics.}",
  journal =	 {Astronomy \& Astrophysics},
  keywords =	 {Radiation Mechanisms: non-thermal},
  year =	 1997,
  month =	 oct,
  volume =	 326,
  pages =	 {417-418},
  url =		 {http://adsabs.harvard.edu/abs/1997A%26A...326..417H},
  adsnote =	 {Provided by the SAO/NASA Astrophysics Data System}
}

@article{ITSHD13,
  author =	 {J. Ireland and A.  K. Tolbert and R.  A. Schwartz and
                  G. D. Holman and B. R. Dennis},
  title =	 {Estimating the Properties of Hard X-Ray Solar Flares by
                  Constraining Model Parameters},
  journal =	 {The Astrophysical Journal},
  volume =	 769,
  number =	 2,
  pages =	 89,
  url =		 {http://stacks.iop.org/0004-637X/769/i=2/a=89},
  year =	 2013,
}

@article{Inglis13,
  author =	 {A. R. Inglis and H. R. Gilbert},
  title =	 {Hard X-Ray and Ultraviolet Emission during the 2011 June 7
                  Solar Flare},
  journal =	 {Astrophys. J.},
  volume =	 777,
  number =	 1,
  pages =	 30,
  url =		 {http://stacks.iop.org/0004-637X/777/i=1/a=30},
  year =	 2013,
}

@article{JHGWMWL10,
  author =	 {Säm Krucker and H. S.  Hudson and L. Glesener and S.  M.
                  White and S.  Masuda and J.-P.  Wuelser and R. P. Lin},
  title =	 {Measurements of the Coronal Acceleration Region of a Solar
                  Flare},
  journal =	 {The Astrophysical Journal},
  volume =	 714,
  number =	 2,
  pages =	 1108,
  url =		 {http://stacks.iop.org/0004-637X/714/i=2/a=1108},
  year =	 2010,
}

@article{KAMLF16,
  author =	 {P. Kajdič and O. Alexandrova and M.  Maksimovic and C. Lacombe
                  and A. N. Fazakerley},
  title =	 {Suprathermal Electron Strahl Widths in the Presence of
                  Narrow-band Whistler Waves in the Solar Wind},
  journal =	 {The Astrophysical Journal},
  volume =	 833,
  number =	 2,
  pages =	 172,
  url =		 {http://stacks.iop.org/0004-637X/833/i=2/a=172},
  year =	 2016,
}

@article{KB06,
  title =	 "Solar flare hard X-ray spectra possibly inconsistent with the
                  collisional thick target model ",
  author =	 "Eduard P. Kontar and John C. Brown",
  journal =	 "Advances in Space Research ",
  volume =	 38,
  number =	 5,
  pages =	 "945 - 950",
  year =	 2006,
  note =	 "Solar Activity Cycle and Particle Acceleration ",
  issn =	 "0273-1177",
  doi =		 "10.1016/j.asr.2005.09.029",
  url =          "http://www.sciencedirect.com/science/article/pii/S0273117705011427",
  keywords =	 "Sun",
  keywords =	 "Solar flares",
  keywords =	 "Hard X-rays",
  keywords =	 "Energetic particles "
}

@article{KF13,
  Author =	 {Khalilpour, H. and Foroutan, G.},
  Title =	 {Simulation study of collisional effects on the propagation of
                  a hot electron beam and generation of Langmuir turbulence for
                  application in type III radio bursts},
  Journal =	 {Journal of Plasma Physics},
  Year =	 2013,
  Volume =	 79,
  Number =	 3,
  Pages =	 {239-248},
  Month =	 {JUN},
  DOI =		 {10.1017/S0022377812000876},
  ISSN =	 {0022-3778},
  Unique-ID =	 {ISI:000318623500001},
}

@article{ KFK04,
  Author =	 {Karlicky, M and Farnik, F and Krucker, S},
  Title =	 {High-frequency slowly drifting structures and X-ray sources
                  observed by RHESSI},
  Journal =	 {Astronomy \& Astrophysics},
  Year =	 2004,
  Volume =	 419,
  Number =	 1,
  Pages =	 {365-373},
  Month =	 {MAY},
  DOI =		 {10.1051/0004-6361:20035817},
  ISSN =	 {0004-6361},
  Unique-ID =	 {ISI:000222213300034},
}

@article{KK09,
  author =	 {Kašparová, J. and Karlický, M.},
  title =	 {Kappa distribution and hard X-ray emission of solar flares},
  DOI =		 "10.1051/0004-6361/200911898",
  url =		 "https://doi.org/10.1051/0004-6361/200911898",
  journal =	 {Astronomy \& Astrophysics},
  year =	 2009,
  volume =	 497,
  number =	 3,
  pages =	 "L13-L16",
}

@article{KK12,
  author =	 {Karlický, M. and Kontar, E. P.},
  Title =	 {Electron acceleration during three-dimensional relaxation of
                  an electron beam-return current plasma system in a magnetic
                  field},
  Journal =	 {Astronomy \& Astrophysics},
  Year =	 2012,
  Volume =	 544,
  Month =	 {Aug},
  DOI =		 {10.1051/0004-6361/201219400},
  Article-Number ={A148},
  Unique-ID =	 {ISI:000308290100148},
}

@article{KKDSSK11,
  author =	 {{Kulinová, A.}  and {Kašparová, J.}  and {Dzifčáková, E.}  and
                  {Sylwester, J.}  and {Sylwester, B.}  and {Karlický, M.}},
  title =	 {Diagnostics of non-thermal distributions in solar flare
                  spectra observed by RESIK and RHESSI⋆},
  DOI =		 "10.1051/0004-6361/201116741",
  url =		 "https://doi.org/10.1051/0004-6361/201116741",
  journal =	 {Astronomy \& Astrophysics},
  year =	 2011,
  volume =	 533,
  pages =	 "A81",
}

@article{KRB12,
  author =	 {Kontar, E. P. and Ratcliffe, H. and Bian, N. H.},
  title =	 {Wave-particle interactions in non-uniform plasma and the
                  interpretation of hard X-ray spectra in solar flares},
  DOI =		 "10.1051/0004-6361/201118216",
  url =		 "http://dx.doi.org/10.1051/0004-6361/201118216",
  journal =	 "Astronomy \& Astrophysics",
  year =	 2012,
  volume =	 539,
  pages =	 "A43",
  month =	 "Mar",
}

@article{KYCM16b,
  author =	 {Sunjung Kim and Peter H.  Yoon and G. S.  Choe and Y.-J. moon},
  title =	 {Suprathermal Solar Wind Electrons and Langmuir Turbulence},
  journal =	 {The Astrophysical Journal},
  volume =	 828,
  number =	 1,
  pages =	 60,
  url =		 {http://stacks.iop.org/0004-637X/828/i=1/a=60},
  year =	 2016,
}

@article{KYCW15,
  author =	 {Sunjung Kim and Peter H.  Yoon and G. S.  Choe and Linghua
                  Wang},
  title =	 {Asymptotic Theory of Solar Wind Electrons},
  journal =	 {The Astrophysical Journal},
  volume =	 806,
  number =	 1,
  pages =	 32,
  url =		 {http://stacks.iop.org/0004-637X/806/i=1/a=32},
  year =	 2015,
}

@ARTICLE{KaplanTsytovich1968,
  author =	 {{Kaplan}, S.~A. and {Tsytovich}, V.~N.},
  title =	 "{Radio Emission from Beams of Fast Particles under Cosmic
                  Conditions.}",
  journal =	 {Soviet Astronomy},
  year =	 1968,
  month =	 jun,
  volume =	 11,
  pages =	 956,
  url =		 {http://adsabs.harvard.edu/abs/1968SvA....11..956K},
  adsnote =	 {Provided by the SAO/NASA Astrophysics Data System}
}

@article{Klein1974,
  author =	 "Klein, H. H. and Krall, Nicholas A. and Orens, Joseph H.",
  title =	 "Theory and simulation of collisional damping of longitudinal
                  waves in a two‐dimensional plasma",
  journal =	 "Phys. Fluids",
  year =	 1974,
  volume =	 17,
  number =	 4,
  pages =	 "735-738",
  url =          "http://scitation.aip.org/content/aip/journal/pof1/17/4/10.1063/1.1694783",
  doi =		 "10.1063/1.1694783"
}

@Article{Klimchuk2006,
  author =	 "Klimchuk, James A.",
  title =	 "On Solving the Coronal Heating Problem",
  journal =	 "Solar Physics",
  year =	 2006,
  month =	 "Mar",
  day =		 01,
  volume =	 234,
  number =	 1,
  pages =	 "41--77",
  issn =	 "1573-093X",
  doi =		 "10.1007/s11207-006-0055-z",
  url =		 "http://dx.doi.org/10.1007/s11207-006-0055-z"
}

@article {Klimontovich1989,
  author =	 {Klimontovich, Yu.  L.  and Shevchenko, A.  Yu.  and Yakimenko,
                  I. P. and Zagorodny, A. G.},
  title =	 {Statistical Theory of Bremsstrahlung in Plasma-Molecular
                  Systems},
  journal =	 {Contributions to Plasma Physics},
  volume =	 29,
  number =	 6,
  publisher =	 {WILEY-VCH Verlag},
  issn =	 {1521-3986},
  url =		 {http://dx.doi.org/10.1002/ctpp.2150290602},
  doi =		 {10.1002/ctpp.2150290602},
  pages =	 {551--587},
  year =	 1989,
}

@article {KoFGG96,
  author =	 {Ko, Y.-K. and Fisk, L. A. and Gloeckler, G. and Geiss, J.},
  title =	 {Limitations on suprathermal tails of electrons in the lower
                  solar corona},
  journal =	 {Journal of Geophysical Research},
  volume =	 23,
  number =	 20,
  issn =	 {1944-8007},
  url =		 {http://dx.doi.org/10.1029/96GL02449},
  doi =		 {10.1029/96GL02449},
  pages =	 {2785--2788},
  keywords =	 {Solar Phys., Astrophysics, and Astronomy: Corona, Space Plasma
                  Physics: Ionization processes},
  year =	 1996,
}

@article{Kohl1998,
  author =	 {J.  L.  Kohl and G.  Noci and E.  Antonucci and G. Tondello
                  and M. C. E. Huber and S.  R. Cranmer and L. Strachan and A. V
                  Panasyuk and L. D.  Gardner and M.  Romoli and S.  Fineschi
                  and D.  Dobrzycka and J. C. Raymond and P. Nicolosi and O.
                  H. W.  Siegmund and D. Spadaro and C.  Benna and A. Ciaravella
                  and S. Giordano and S. R. Habbal and M. Karovska and X. Li and
                  R. Martin and J.  G. Michels and A. Modigliani and G.  Naletto
                  and R. H.  O'Neal and C. Pernechele and G. Poletto and
                  P. L. Smith and R. M. Suleiman},
  title =	 {UVCS/SOHO Empirical Determinations of Anisotropic Velocity
                  Distributions in the Solar Corona},
  journal =	 {Astrophysical Journal Letters},
  volume =	 501,
  number =	 1,
  pages =	 {L127},
  url =		 {http://stacks.iop.org/1538-4357/501/i=1/a=L127},
  year =	 1998,
}

@ARTICLE{Kontar2001,
  author =	 {{Kontar}, E.~P.},
  title =	 "{Dynamics of electron beams in the inhomogeneous solar corona
                  plasma}",
  journal =	 {Solar Physics},
  year =	 2001,
  month =	 aug,
  volume =	 202,
  pages =	 {131-149},
  doi =		 {10.1023/A:1011894830942},
  url =		 {http://adsabs.harvard.edu/abs/2001SoPh..202..131K},
  adsnote =	 {Provided by the SAO/NASA Astrophysics Data System}
}

@article{Kontar2002,
  title =	 {Nonlinear development of electron-beam-driven weak turbulence
                  in an inhomogeneous plasma},
  author =	 {Kontar, E. P. and P\'ecseli, H. L.},
  journal =	 {Phys. Rev. E},
  volume =	 65,
  issue =	 6,
  pages =	 066408,
  numpages =	 11,
  year =	 2002,
  month =	 {Jun},
  publisher =	 {American Physical Society},
  doi =		 {10.1103/PhysRevE.65.066408},
  url =		 {https://link.aps.org/doi/10.1103/PhysRevE.65.066408}
}

@Article{Kontar2011,
  author =	 "Kontar, E. P.  and Brown, J.  C.  and Emslie, A. G.  and
                  Hajdas, W.  and Holman, G. D.  and Hurford, G. J.  and
                  Ka{\v{s}}parov{\'a}, J.  and Mallik, P. C. V.  and Massone, A.
                  M.  and McConnell, M. L.  and Piana, M.  and Prato, M.  and
                  Schmahl, E. J.  and Suarez-Garcia, E.",
  title =	 "Deducing Electron Properties from Hard X-ray Observations",
  journal =	 "Space Science Reviews",
  year =	 2011,
  volume =	 159,
  number =	 1,
  pages =	 "301--355",
  issn =	 "1572-9672",
  doi =		 "10.1007/s11214-011-9804-x",
  url =		 "http://dx.doi.org/10.1007/s11214-011-9804-x"
}

@article{Krucker05,
  author =	 "Säm Krucker and M. D. Fivian and R. P. Lin",
  title =	 "Hard X-ray footpoint motions in solar flares: Comparing
                  magnetic reconnection models with observations ",
  journal =	 "Advances in Space Research ",
  volume =	 35,
  number =	 10,
  pages =	 "1707 - 1711",
  year =	 2005,
  issn =	 "0273-1177",
  doi =		 "10.1016/j.asr.2005.05.054",
  url =          "http://www.sciencedirect.com/science/article/pii/S0273117705006678",
}

@ARTICLE{Krucker2014,
  author =	 {{Krucker}, S. and {Battaglia}, M.},
  title =	 "{Particle Densities within the Acceleration Region of a Solar
                  Flare}",
  journal =	 {The Astrophysical Journal},
  keywords =	 {Sun: flares, Sun: particle emission, Sun: X-rays, gamma rays},
  year =	 2014,
  month =	 jan,
  volume =	 780,
  eid =		 107,
  pages =	 107,
  doi =		 {10.1088/0004-637X/780/1/107},
  url =		 {http://adsabs.harvard.edu/abs/2014ApJ...780..107K},
  adsnote =	 {Provided by the SAO/NASA Astrophysics Data System}
}

@article{Kryshtal2014,
  Author =	 {Kryshtal, A.  N.  and Gerasimenko, S.  V.  and Voitsekhovska,
                  A. D.},
  Title =	 {Small-scale Langmuir wave instability in preflare chromosphere
                  of solar active region},
  Journal =	 {Astrophys. Space Sci.},
  Year =	 2014,
  Volume =	 349,
  Number =	 2,
  Pages =	 {637-646},
  Month =	 {FEB},
  DOI =		 {10.1007/s10509-013-1665-1},
}

@article {L-SHVL97,
  author =	 {Lie-Svendsen, Oystein and Hansteen, Viggo H. and Leer, Egil},
  title =	 {Kinetic electrons in high-speed solar wind streams: Formation
                  of high-energy tails},
  journal =	 {Journal of Geophysical Research},
  volume =	 102,
  number =	 {A3},
  issn =	 {2156-2202},
  url =		 {http://dx.doi.org/10.1029/96JA03632},
  doi =		 {10.1029/96JA03632},
  pages =	 {4701--4718},
  keywords =	 {Solar wind plasma, Solar wind sources, Corona, Coronal holes},
  year =	 1997,
}

@article{LFY16,
  author =	 {{Lazar, M.} and {Fichtner, H.} and {Yoon, P. H.}},
  title =	 {On the interpretation and applicability of κ-distributions},
  DOI =		 "10.1051/0004-6361/201527593",
  url =		 "https://doi.org/10.1051/0004-6361/201527593",
  journal =	 {Astronomy \& Astrophysics},
  year =	 2016,
  volume =	 589,
  pages =	 "A39",
}

@article{LIN03,
  author =	 "R. P. Lin and Rhessi Team",
  title =	 "Connections and Reconnections in Solar and Stellar Coronae
                  Rhessi observations of particle acceleration in solar flares",
  journal =	 "Advances in Space Research",
  volume =	 32,
  number =	 6,
  pages =	 "1001 - 1010",
  year =	 2003,
  issn =	 "0273-1177",
  doi =		 "10.1016/S0273-1177(03)00302-8",
  url =          "http://www.sciencedirect.com/science/article/pii/S0273117703003028",
}

@article{LMP12,
  author =	 {S. Landi and L. Matteini and F. Pantellini},
  title =	 {On the Competition Between Radial Expansion and Coulomb
                  Collisions in Shaping the Electron Velocity Distribution
                  Function: Kinetic Simulations},
  journal =	 {The Astrophysical Journal},
  volume =	 760,
  number =	 2,
  pages =	 143,
  url =		 {http://stacks.iop.org/0004-637X/760/i=2/a=143},
  year =	 2012,
}

@article{LP01,
  author =	 {{Landi, S.} and {Pantellini, F. G. E.}},
  title =	 {On the temperature profile and heat flux in the solar corona:
                  Kinetic simulations},
  DOI =		 "10.1051/0004-6361:20010552",
  url =		 "https://doi.org/10.1051/0004-6361:20010552",
  journal =	 {Astronomy \& Astrophysics},
  year =	 2001,
  volume =	 372,
  number =	 2,
  pages =	 "686-701",
}

@article{LPF15,
  author =	 {{Lazar, M.} and {Poedts, S.} and {Fichtner, H.}},
  title =	 {Destabilizing effects of the suprathermal populations in the
                  solar wind},
  DOI =		 "10.1051/0004-6361/201526509",
  url =		 "https://doi.org/10.1051/0004-6361/201526509",
  journal =	 {Astronomy \& Astrophysics},
  year =	 2015,
  volume =	 582,
  pages =	 "A124",
}

@article{LQGKW04,
  author =	 {Chang Liu and Jiong Qiu and Dale E. Gary and Säm Krucker and
                  Haimin Wang},
  title =	 {Studies of Microflares in RHESSI Hard X-Ray, Big Bear Solar
                  Observatory Hα, and Michelson Doppler Imager Magnetograms},
  journal =	 {The Astrophysical Journal},
  volume =	 604,
  number =	 1,
  pages =	 442,
  url =		 {http://stacks.iop.org/0004-637X/604/i=1/a=442},
  year =	 2004,
}

@article {LS2000,
  author =	 {Leubner, M. P. and Schupfer, N.},
  title =	 {Mirror instability thresholds in suprathermal space plasmas},
  journal =	 {Journal of Geophysical Research},
  volume =	 105,
  number =	 {A12},
  issn =	 {2156-2202},
  url =		 {http://dx.doi.org/10.1029/1999JA000447},
  doi =		 {10.1029/1999JA000447},
  pages =	 {27387--27391},
  keywords =	 {Solar wind plasma, Plasma waves and instabilities},
  year =	 2000,
}

@ARTICLE{Lai2013,
  author =	 {{Lai}, W.~N. and {Chapman}, S.~C. and {Dendy}, R.~O.},
  title =	 "{Self-consistent nonlinear kinetic simulations of the
                  anomalous Doppler instability of suprathermal electrons in
                  plasmas}",
  journal =	 {Phys. Plasmas},
  keywords =	 {plasma instability, plasma kinetic theory, plasma nonlinear
                  waves, plasma simulation, plasma toroidal confinement,
                  relativistic plasmas, Tokamak devices, Microinstabilities,
                  Tokamaks spherical tokamaks, Particle-in-cell method,
                  Relativistic plasmas, Plasma kinetic equations, Nonlinear
                  phenomena: waves wave propagation and other interactions},
  year =	 2013,
  month =	 oct,
  volume =	 20,
  number =	 10,
  eid =		 102122,
  pages =	 102122,
  doi =		 {10.1063/1.4827207},
  url =		 {http://adsabs.harvard.edu/abs/2013PhPl...20j2122L},
  adsnote =	 {Provided by the SAO/NASA Astrophysics Data System}
}

@article{Lazar17,
  Author =	 {Lazar, M.},
  Title =	 {Towards realistic characterization of the solar wind
                  suprathermal populations and their effects},
  Journal =	 {PHYSICS OF PLASMAS},
  Year =	 2017,
  Volume =	 24,
  Number =	 3,
  Month =	 {MAR},
  DOI =		 {10.1063/1.4977899},
  Article-Number =034501,
  ISSN =	 {1070-664X},
  EISSN =	 {1089-7674},
  Unique-ID =	 {ISI:000397872500102},
}

@ARTICLE{Lazar2012,
  author =	 {{Lazar}, M. and {Pierrard}, V. and {Poedts}, S. and
                  {Schlickeiser}, R.  },
  title =	 "{Modeling Space Plasma Dynamics with Anisotropic Kappa
                  Distributions}",
  journal =	 {Astrophys. Space Sci. Proceedings},
  eprint =	 {1204.0363},
  primaryClass = "astro-ph.SR",
  keywords =	 {Physics},
  year =	 2012,
  volume =	 33,
  pages =	 97,
  doi =		 {10.1007/978-3-642-30442-2_12},
  url =		 {http://adsabs.harvard.edu/abs/2012ASSP...33...97L},
  adsnote =	 {Provided by the SAO/NASA Astrophysics Data System}
}

@article{Lee13,
  Author =	 {Lee, Jeongwoo and Lim, Daye and Choe, G. S. and Kim, Kap-Sung
                  and Jang, Minhwan},
  Title =	 {Coronal thick target hard x-ray emissions and radio emissions},
  journal =	 {Astrophysical Journal Letters},
  Year =	 2013,
  Volume =	 769,
  Number =	 1,
  Month =	 {May},
  DOI =		 {10.1088/2041-8205/769/1/L11},
  Article-Number ={L11},
  ISSN =	 {2041-8205},
  Unique-ID =	 {ISI:000319451400011},
}

@Article{Lemaire2016,
  author =	 "Lemaire, J. F.  and Stegen, K.",
  title =	 "Improved Determination of the Location of the Temperature
                  Maximum in the Corona",
  journal =	 "Solar Physics",
  year =	 2016,
  month =	 "Dec",
  day =		 01,
  volume =	 291,
  number =	 12,
  pages =	 "3659--3683",
  issn =	 "1573-093X",
  doi =		 "10.1007/s11207-016-1001-3",
  url =		 "http://dx.doi.org/10.1007/s11207-016-1001-3"
}

@article{Leubner04a,
  author =	 {M. P. Leubner},
  title =	 {Fundamental issues on kappa-distributions in space plasmas and
                  interplanetary proton distributions},
  journal =	 {Phys. Plasmas},
  volume =	 11,
  number =	 4,
  pages =	 {1308-1316},
  year =	 {2004a},
  doi =		 {10.1063/1.1667501},
  URL =		 {http://dx.doi.org/10.1063/1.1667501},
}

@article{Leubner04b,
  author =	 {M. P. Leubner},
  title =	 {Core-Halo Distribution Functions: A Natural Equilibrium State
                  in Generalized Thermostatistics},
  journal =	 {Astrophys. J.},
  volume =	 604,
  number =	 1,
  pages =	 469,
  url =		 {http://stacks.iop.org/0004-637X/604/i=1/a=469},
  year =	 {2004b},
}

@article{Leubner2000,
  author =	 "M.P. Leubner",
  title =	 "Wave induced suprathermal tail generation of electron velocity
                  space distributions ",
  journal =	 "Planetary and Space Science ",
  year =	 2000,
  issn =	 "0032-0633",
  doi =		 "10.1016/S0032-0633(99)00091-4",
  url =          "http://www.sciencedirect.com/science/article/pii/S0032063399000914",
  volume =	 48,
  number =	 "2–3",
  pages =	 "133 - 141",
}

@Article{Leubner2002,
  author =	 "Leubner, Manfred P.",
  title =	 "A Nonextensive Entropy Approach to Kappa-Distributions",
  journal =	 "Astrophys. Space Sci.",
  year =	 2002,
  month =	 "Nov",
  day =		 01,
  volume =	 282,
  number =	 3,
  pages =	 "573--579",
  issn =	 "1572-946X",
  doi =		 "10.1023/A:1020990413487",
  url =		 "https://doi.org/10.1023/A:1020990413487"
}

@article{Levin14,
  author =	 "Yan Levin and Renato Pakter and Felipe B. Rizzato and Tarcísio
                  N. Teles and Fernanda P.C. Benetti",
  title =	 "Nonequilibrium statistical mechanics of systems with
                  long-range interactions",
  journal =	 "Physics Reports",
  volume =	 535,
  number =	 1,
  pages =	 "1--60",
  year =	 2014,
  note =	 "Nonequilibrium statistical mechanics of systems with
                  long-range interactions",
  issn =	 "0370-1573",
  doi =		 "10.1016/j.physrep.2013.10.001",
  url =          "http://www.sciencedirect.com/science/article/pii/S0370157313003761"
}

@ARTICLE{Levin2008a,
  author =	 {{Levin}, Y. and {Pakter}, R. and {Teles}, T.~N.},
  title =	 "{Collisionless Relaxation in Non-Neutral Plasmas}",
  journal =	 {Physical Review Letters},
  archivePrefix ="arXiv",
  eprint =	 {0712.1921},
  primaryClass = "cond-mat.stat-mech",
  keywords =	 {Classical statistical mechanics, Nonequilibrium and
                  irreversible thermodynamics, Beam transport, Plasma kinetic
                  equations},
  year =	 2008,
  month =	 feb,
  volume =	 100,
  number =	 4,
  eid =		 040604,
  pages =	 040604,
  doi =		 {10.1103/PhysRevLett.100.040604},
  url =		 {http://adsabs.harvard.edu/abs/2008PhRvL.100d0604L},
  adsnote =	 {Provided by the SAO/NASA Astrophysics Data System}
}

@article{Levin2008b,
  title =	 {Ergodicity Breaking and Parametric Resonances in Systems with
                  Long-Range Interactions},
  author =	 {Benetti, Fernanda P.  da C. and Teles, Tarc\'{\i}sio N. and
                  Pakter, Renato and Levin, Yan},
  journal =	 {Physical Review Letters},
  volume =	 108,
  issue =	 14,
  pages =	 140601,
  numpages =	 4,
  year =	 2012,
  month =	 {Apr},
  publisher =	 {American Physical Society},
  doi =		 {10.1103/PhysRevLett.108.140601},
  url =		 {https://link.aps.org/doi/10.1103/PhysRevLett.108.140601},
}

@article{Lin1980,
  author =	 "Lin, R. P.",
  title =	 "Energetic particles in space",
  journal =	 "Solar Physics",
  year =	 1980,
  volume =	 67,
  number =	 2,
  pages =	 "393--399",
  issn =	 "1573-093X",
  doi =		 "10.1007/BF00149816",
  url =		 "http://dx.doi.org/10.1007/BF00149816"
}

@article{Lin1985,
  author =	 "Lin, R. P.",
  title =	 "Energetic solar electrons in the interplanetary medium",
  journal =	 "Solar Physics",
  year =	 1985,
  volume =	 100,
  number =	 1,
  pages =	 "537--561",
  issn =	 "1573-093X",
  doi =		 "10.1007/BF00158444",
  url =		 "http://dx.doi.org/10.1007/BF00158444"
}

@article{Lin1997,
  author =	 {R. P. Lin},
  title =	 {Energetic particles in the solar wind and at the Sun},
  journal =	 {AIP Conference Proceedings},
  volume =	 385,
  number =	 1,
  pages =	 {25-40},
  year =	 1997,
  doi =		 {10.1063/1.51744},
  URL =		 {http://aip.scitation.org/doi/abs/10.1063/1.51744},
}

@article{Lin1998,
  author =	 "Lin, R. P.",
  title =	 "WIND Observations of Suprathermal Electrons in the
                  Interplanetary Medium",
  journal =	 "Space Science Reviews",
  year =	 1998,
  volume =	 86,
  number =	 1,
  pages =	 "61--78",
  issn =	 "1572-9672",
  doi =		 "10.1023/A:1005048428480",
  url =		 "http://dx.doi.org/10.1023/A:1005048428480"
}

@article{Lin2001,
  author =	 "Hua-an Lin",
  title =	 "The evolution of hard X-ray spectrum in solar flares ",
  journal =	 "Chinese Astronomy and Astrophysics ",
  volume =	 25,
  number =	 2,
  pages =	 "239 - 244",
  year =	 2001,
  issn =	 "0275-1062",
  doi =		 "10.1016/S0275-1062(01)00067-4",
  url =          "http://www.sciencedirect.com/science/article/pii/S0275106201000674",
  keywords =	 "solar hard X-rays—spectral evolution "
}

@inbook {Lin_etall98,
  title =	 {WIND Observations of Suprathermal Particles in the Solar Wind},
  author =	 {Lin, R.  P. and Larson, D. and Phan, T.  and Ergun, R.  and
                  Mcfadden, J.  and Anderson, K. and Carslon, C. and Mccarthy,
                  M. and Parks, G. K. and Skoug, R. and Winglee, R. and Rème, H.
                  and Lormant, N. and Bosqued, J. M. and d'Uston, C. and
                  Sanderson, T. R. and Wenzel, K.-P.},
  publisher =	 {American Geophysical Union},
  isbn =	 9781118664162,
  url =		 {http://dx.doi.org/10.1029/GM104p0001},
  doi =		 {10.1029/GM104p0001},
  pages =	 {1--12},
  keywords =	 {Magnetosphere, Ionosphere, Cosmic physics, International
                  Solar—Terrestrial Program},
  booktitle =	 {Geospace Mass and Energy Flow},
  year =	 2013,
}

@article{Liu20071394,
  author =	 "W.J. Liu and P.F. Chen and C. Fang and M.D. Ding",
  title =	 "Evolution of electron energy spectrum during solar flares ",
  journal =	 "Advances in Space Research ",
  volume =	 39,
  number =	 9,
  pages =	 "1394 - 1397",
  year =	 2007,
  issn =	 "0273-1177",
  doi =		 "10.1016/j.asr.2007.02.031",
  url =          "http://www.sciencedirect.com/science/article/pii/S0273117707001214",
}

@article{Livadiotis13,
  author =	 "Livadiotis, G.  and McComas, D. J.",
  title =	 "Understanding Kappa Distributions: A Toolbox for Space Science
                  and Astrophysics",
  journal =	 "Space Science Reviews",
  year =	 2013,
  month =	 "Jun",
  day =		 01,
  volume =	 175,
  number =	 1,
  pages =	 "183--214",
  issn =	 "1572-9672",
  doi =		 "10.1007/s11214-013-9982-9",
  url =		 "https://doi.org/10.1007/s11214-013-9982-9"
}

@article{Livadiotis2009,
  author =	 {{Livadiotis}, G. and {McComas}, D.~J.},
  title =	 "{Beyond kappa distributions: Exploiting Tsallis statistical
                  mechanics in space plasmas}",
  journal =	 {Journal of Geophysical Research},
  keywords =	 {Space Plasma Physics: Mathematical and numerical techniques
                  (0500, 3200), Interplanetary Physics: Solar wind plasma,
                  Magnetospheric Physics: Planetary magnetospheres (5443, 5737,
                  6033), Interplanetary Physics: Heliosphere/interstellar medium
                  interactions},
  year =	 2009,
  month =	 nov,
  volume =	 114,
  number =	 A13,
  eid =		 {A11105},
  pages =	 {A11105},
  doi =		 {10.1029/2009JA014352},
  url =		 {http://adsabs.harvard.edu/abs/2009JGRA..11411105L},
  adsnote =	 {Provided by the SAO/NASA Astrophysics Data System}
}

@article{Livadiotis2010,
  author =	 {{Livadiotis}, G. and {McComas}, D.~J.},
  title =	 "{Exploring Transitions of Space Plasmas Out of Equilibrium}",
  journal =	 {The Astrophysical Journal},
  keywords =	 {plasmas, solar wind, Sun: heliosphere},
  year =	 2010,
  month =	 may,
  volume =	 714,
  pages =	 {971-987},
  doi =		 {10.1088/0004-637X/714/1/971},
  url =		 {http://adsabs.harvard.edu/abs/2010ApJ...714..971L},
  adsnote =	 {Provided by the SAO/NASA Astrophysics Data System}
}

@article{Lyubchyk2017,
  author =	 "Lyubchyk, O. and Kontar, E. P. and Voitenko, Y. M. and Bian,
                  N. H. and Melrose, D. B.",
  title =	 "Solar Plasma Radio Emission in the Presence of Imbalanced
                  Turbulence of Kinetic-Scale Alfv{\'e}n Waves",
  journal =	 "Solar Physics",
  year =	 2017,
  month =	 "Aug",
  day =		 16,
  volume =	 292,
  number =	 9,
  pages =	 117,
  doi =		 "10.1007/s11207-017-1140-1",
  url =		 "https://doi.org/10.1007/s11207-017-1140-1"
}

@article{MH95,
  author =	 {R. L. Mace and M. A. Hellberg},
  title =	 {A dispersion function for plasmas containing superthermal
                  particles},
  journal =	 {Phys. Plasmas},
  volume =	 2,
  number =	 6,
  pages =	 {2098-2109},
  year =	 1995,
  doi =		 {10.1063/1.871296},
  URL =		 {http://dx.doi.org/10.1063/1.871296 },
}

@article{MH98,
  title =	 {Electrostatic fluctuations in plasmas containing suprathermal
                  particles},
  author =	 {Mace, R. L. and Hellberg, M. A. and Treumann, R. A.},
  volume =	 59,
  number =	 3,
  journal =	 {J. Plasma Phys.},
  publisher =	 {Cambridge University Press},
  year =	 1998,
  month =	 {Apr},
  pages =	 {393–416},
  DOI =		 {10.1017/S0022377898006424},
  ISSN =	 {0022-3778},
}

@article{MOSU97,
  Author =	 {Maximov, A.V.  and Ovchinnikov, K.N.  and Silin, V.P. and
                  Uryupin, S.A.},
  Title =	 {New nonlinear mechanism of parametric instabilities in plasmas
                  caused by the inverse-Bremsstrahlung of low intensity
                  radiation},
  Journal =	 {Phys. Lett. A},
  Year =	 1997,
  Volume =	 237,
  Number =	 {1-2},
  Pages =	 {63-65},
  Month =	 {Dec 29},
  DOI =		 {10.1016/S0375-9601(97)00742-1},
  ISSN =	 {0375-9601},
}

@article{MPL97,
  author =	 {{Maksimovic}, M. and {Pierrard}, V.  and {Lemaire}, J.~F.},
  title =	 "{A kinetic model of the solar wind with Kappa distribution
                  functions in the corona.}",
  journal =	 {Astronomy \& Astrophysics},
  month =	 aug,
  year =	 1997,
  volume =	 324,
  pages =	 {725-734},
  url =		 {http://adsabs.harvard.edu/abs/1997A&A...324..725M},
}

@article {MPR97,
  author =	 {Maksimovic, Milan and Pierrard, Viviane and Riley, Pete},
  title =	 {Ulysses electron distributions fitted with Kappa functions},
  journal =	 {Journal of Geophysical Research},
  volume =	 24,
  number =	 9,
  issn =	 {1944-8007},
  url =		 {http://dx.doi.org/10.1029/97GL00992},
  doi =		 {10.1029/97GL00992},
  pages =	 {1151--1154},
  keywords =	 {Interplanetary Physics: Solar wind plasma, Interplanetary
                  Physics: Sources of the solar wind, Solar Phys., Astrophysics,
                  and Astronomy: General or miscellaneous, Space Plasma Physics:
                  Kinetic and MHD theory},
  month =	 may,
  year =	 1997,
}

@article{MS77,
  author =	 {Yukio Midzuno and Ryo Sugihara},
  title =	 {Collisional Damping of Nonlinear Langmuir Wave in a Rarefied
                  Plasma},
  journal =	 {J. Phys. Soc. Japan},
  volume =	 43,
  number =	 6,
  pages =	 {2068-2073},
  year =	 1977,
  doi =		 {10.1143/JPSJ.43.2068},
  URL =		 {http://dx.doi.org/10.1143/JPSJ.43.2068},
}

@article{MT04,
  author =	 {Mrozek, T. and Tomczak, M.},
  title =	 {Solar impulsive soft X–ray brightenings and their connection
                  with footpoint hard X–ray emission sources},
  DOI =		 "10.1051/0004-6361:20034598",
  url =		 "http://dx.doi.org/10.1051/0004-6361:20034598",
  journal =	 {Astronomy \& Astrophysics},
  year =	 2004,
  volume =	 415,
  number =	 1,
  pages =	 "377-389",
}

@article {MaSummers98,
  author =	 {Ma, Chun-yu and Summers, Danny},
  title =	 {Formation of power-law energy spectra in space plasmas by
                  stochastic acceleration due to whistler-mode waves},
  journal =	 {Journal of Geophysical Research},
  volume =	 25,
  number =	 21,
  issn =	 {1944-8007},
  url =		 {http://dx.doi.org/10.1029/1998GL900108},
  doi =		 {10.1029/1998GL900108},
  pages =	 {4099--4102},
  year =	 1998,
}

@article {MaSummers99,
  author =	 {Ma, Chun-yu and Summers, Danny},
  title =	 {Correction to “Formation of power-law energy spectra in space
                  plasmas by stochastic acceleration due to whistler-mode
                  waves”},
  journal =	 {Journal of Geophysical Research},
  volume =	 26,
  number =	 8,
  issn =	 {1944-8007},
  url =		 {http://dx.doi.org/10.1029/1999GL900152},
  doi =		 {10.1029/1999GL900152},
  pages =	 {1121--1124},
  keywords =	 {Corrections},
  year =	 1999,
}

@article{MacKinnon91,
  Author =	 {MacKinnon, A.L.},
  Title =	 {Collisional scattering of fast electrons in a coronal magnetic
                  bottle},
  Journal =	 {Astronomy \& Astrophysics},
  Year =	 1991,
  Volume =	 242,
  Number =	 1,
  Pages =	 {256-270},
  Month =	 {FEB},
}

@article{Makhankov1968,
  author =	 {{Makhankov}, V.~G. and {Tsytovich}, V.~N.},
  title =	 "{Coulomb Collisions of Particles in a Turbulent Plasma}",
  journal =	 {Sov. Phys. JETP},
  year =	 1968,
  volume =	 26,
  pages =	 1023,
  url =		 {http://cdsads.u-strasbg.fr/abs/1968JETP...26.1023M}
}

@article {Maksimovic05,
  author =	 {Maksimovic, M.  and Zouganelis, I.  and Chaufray, J.-Y.  and
                  Issautier, K.  and Scime, E.  E.  and Littleton, J. E. and
                  Marsch, E. and McComas, D. J. and Salem, C. and Lin, R. P. and
                  Elliott, H.},
  title =	 {Radial evolution of the electron distribution functions in the
                  fast solar wind between 0.3 and 1.5 AU},
  journal =	 {Journal of Geophysical Research},
  volume =	 110,
  number =	 {A9},
  issn =	 {2156-2202},
  url =		 {http://dx.doi.org/10.1029/2005JA011119},
  doi =		 {10.1029/2005JA011119},
  pages =	 {n/a--n/a},
  keywords =	 {Solar wind plasma, Solar wind sources},
  year =	 2005,
  note =	 {A09104},
}

@article{Marsch06,
  author =	 "Marsch, Eckart",
  title =	 "Kinetic Physics of the Solar Corona and Solar Wind",
  journal =	 "Living Reviews in Solar Phys.",
  year =	 2006,
  volume =	 3,
  number =	 1,
  pages =	 1,
  issn =	 "1614-4961",
  doi =		 "10.12942/lrsp-2006-1",
  url =		 "http://dx.doi.org/10.12942/lrsp-2006-1"
}

@article{McBride69,
  author =	 "McBride, John B.",
  title =	 "Collisional Damping of Plasma Oscillations",
  journal =	 "Physics of Fluids",
  year =	 1969,
  volume =	 12,
  number =	 4,
  pages =	 "844-849",
  doi =		 "10.1063/1.1692565"
}

@article{McClements86,
  Author =	 {McClements, K.G. and Brown, J.C.},
  Title =	 {The inverse compton interpretation of fast-time structures in
                  solar microwave and hard x-ray-bursts},
  journal =	 {Astronomy \& Astrophysics},
  Year =	 1986,
  Volume =	 165,
  Number =	 {1-2},
  Pages =	 {235-243},
  Month =	 {Sep},
  ISSN =	 {0004-6361},
  Unique-ID =	 {ISI:A1986D829200029},
}

@article{McClements87a,
  author =	 {McClements, K.G.},
  title =	 {The stability of electron beams in the flaring solar corona},
  year =	 1987,
  issn =	 {0038-0938},
  journal =	 {Solar Physics},
  volume =	 109,
  number =	 2,
  doi =		 {10.1007/BF00160658},
  url =		 {http://dx.doi.org/10.1007/BF00160658},
  publisher =	 {Kluwer Academic Publishers},
  pages =	 {355-363},
}

@article{McClements87b,
  author =	 {McClements, K.~G.},
  title =	 "{The quasi-linear relaxation and bremsstrahlung of thick
                  target electron beams in solar flares}",
  journal =	 {Astronomy \& Astrophysics},
  keywords =	 {Bremsstrahlung, Electron Beams, Electrostatic Waves, Solar
                  Corona, Solar Flares, Solar X-Rays, Coupled Modes, Electron
                  Distribution, Microwaves, Momentum Transfer, Turbulent Flow},
  year =	 1987,
  month =	 mar,
  volume =	 175,
  pages =	 {255-262},
  url =		 {http://adsabs.harvard.edu/abs/1987A%26A...175..255M},
  adsnote =	 {Provided by the SAO/NASA Astrophysics Data System}
}

@article{McClements87c,
  author =	 "McClements, K. G.",
  title =	 "The stability of electron beams in the flaring solar corona",
  journal =	 "Solar Physics",
  year =	 1987,
  month =	 "Sep",
  day =		 01,
  volume =	 109,
  number =	 2,
  pages =	 "355--363",
  issn =	 "1573-093X",
  doi =		 "10.1007/BF00160658",
  url =		 "http://dx.doi.org/10.1007/BF00160658"
}

@article{McClements88,
  Author =	 {McClements, K.G.},
  Title =	 {Langmuir wave generation by electron-beams producing short
                  timescale hard x-ray-emission in solar-flares},
  journal =	 {Astronomy \& Astrophysics},
  Year =	 1988,
  Volume =	 193,
  Number =	 {1-2},
  Pages =	 {293-297},
  Month =	 {Mar},
  ISSN =	 {0004-6361},
  Unique-ID =	 {ISI:A1988M720300042},
}

@article{McClements89,
  Author =	 {McClements, K.G.},
  Title =	 {Langmuir wave generation by thick target electron-beams in
                  solar-flares - the effects of density variations and reverse
                  currents},
  journal =	 {Astronomy \& Astrophysics},
  Year =	 1989,
  Volume =	 208,
  Number =	 {1-2},
  Pages =	 {279-286},
  Month =	 {Jan},
  ISSN =	 {0004-6361},
  Unique-ID =	 {ISI:A1989R627900047},
}

@article{McClements90a,
  Author =	 {McClements, K.G.},
  Title =	 {A fokker-planck description of the trapping and precipitation
                  of fast electrons in solar-flares},
  Journal =	 {Astronomy \& Astrophysics},
  Year =	 1990,
  Volume =	 234,
  Number =	 {1-2},
  Pages =	 {487-495},
  Month =	 {Aug},
  ISSN =	 {0004-6361},
  Unique-ID =	 {ISI:A1990DT49400065},
}

@article{McClements90b,
  author =	 "McClements, K. G.  and Su, J. J.  and Bingham, R.  and Dawson,
                  J. M.  and Spicer, D. S.",
  title =	 "Simulation studies of electron acceleration by ion ring
                  distributions in solar flares",
  journal =	 "Solar Physics",
  year =	 1990,
  month =	 "Dec",
  day =		 01,
  volume =	 130,
  number =	 1,
  pages =	 "229--241",
  issn =	 "1573-093X",
  doi =		 "10.1007/BF00156791",
  url =		 "http://dx.doi.org/10.1007/BF00156791"
}

@article{ McClements91,
  Author =	 {McClements, K.G. and Baynes, N.D.},
  Title =	 {Solar hard x-ray-emission resulting from an initially
                  homogeneous and isotropic coronal electron population},
  Journal =	 {Astronomy \& Astrophysics},
  Year =	 1991,
  Volume =	 245,
  Number =	 1,
  Pages =	 {262-270},
  Month =	 {May},
  ISSN =	 {0004-6361},
  Unique-ID =	 {ISI:A1991FM35000033},
}

@article{McClements92a,
  Author =	 {McClements, K.G.},
  Title =	 {The effects of magnetic-field geometry on the confinement of
                  energetic electrons in solar-flares},
  Journal =	 {Astronomy \& Astrophysics},
  Year =	 1992,
  Volume =	 253,
  Number =	 1,
  Pages =	 {261-268},
  Month =	 {Jan},
  ISSN =	 {0004-6361},
  Unique-ID =	 {ISI:A1992GY75400033},
}

@article{McClements92b,
  Author =	 {McClements, K.G.},
  Title =	 {The simultaneous effects of collisions, reverse currents and
                  magnetic trapping on the temporal evolution of energetic
                  electrons in a flaring coronal loop},
  journal =	 {Astronomy \& Astrophysics},
  Year =	 1992,
  Volume =	 258,
  Number =	 2,
  Pages =	 {542-548},
  Month =	 {May},
  ISSN =	 {0004-6361},
  Unique-ID =	 {ISI:A1992HV95200045},
}

@article{Melrose1971,
  author =	 "Melrose, D. B.",
  title =	 "Electrostatic bremsstrahlung",
  journal =	 {\apss},
  year =	 1971,
  month =	 "Feb",
  day =		 01,
  volume =	 10,
  number =	 2,
  pages =	 197,
  issn =	 "1572-946X",
  doi =		 "10.1007/BF00704082",
  url =		 "https://doi.org/10.1007/BF00704082"
}

@article{Melrose80,
  author =	 {Melrose, D.B.},
  title =	 {The emission mechanisms for solar radio bursts},
  year =	 1980,
  issn =	 {0038-6308},
  journal =	 {Space Science Reviews},
  volume =	 26,
  number =	 1,
  doi =		 {10.1007/BF00212597},
  url =		 {http://dx.doi.org/10.1007/BF00212597},
  publisher =	 {Kluwer Academic Publishers},
  pages =	 {3-38},
  language =	 {English}
}

@article{Melrose94,
  Author =	 {Melrose, D.B.},
  Title =	 {Turbulent Acceleration in Solar-Flares},
  Journal =	 {Astrophys. Journal Supplement Series},
  Year =	 1994,
  Volume =	 90,
  Number =	 2,
  Pages =	 {623-630},
  Month =	 {Feb},
  Note =	 {International-Astronomical-Union Colloquium 142, Coll Pk, MD,
                  Jan 11-15, 1993},
  Organization = {Int. Astron. Union},
  DOI =		 {10.1086/191883},
  ISSN =	 {0067-0049},
  Unique-ID =	 {ISI:A1994MT95400016},
}

@article{Mendis94,
  author =	 {{Mendis}, D.~A. and {Rosenberg}, M.},
  title =	 "{Cosmic Dusty Plasmas}",
  journal =	 {Annual Review of Astronomy \& Astrophysics},
  year =	 1994,
  volume =	 32,
  pages =	 {419-463},
  doi =		 {10.1146/annurev.aa.32.090194.002223},
  url =		 {http://adsabs.harvard.edu/abs/1994ARA%26A..32..419M},
  adsnote =	 {Provided by the SAO/NASA Astrophysics Data System}
}

@article{Montgomery65,
  title =	 {Spatial Distribution, Energy Spectra, and Time Variations of
                  Energetic Electrons ($E&gt;50$ keV) at 17.7 Earth Radii},
  author =	 {Montgomery, Michael D.  and Singer, Sidney and Conner,
                  J. P. and Stogsdill, E. E.},
  journal =	 {Physical Review Letters},
  volume =	 14,
  issue =	 7,
  pages =	 {209--213},
  numpages =	 0,
  year =	 1965,
  month =	 {Feb},
  publisher =	 {American Physical Society},
  doi =		 {10.1103/PhysRevLett.14.209},
  url =		 {https://link.aps.org/doi/10.1103/PhysRevLett.14.209}
}

@article {N-CV08,
  author =	 {Nieves-Chinchilla, Teresa and Viñas, Adolfo F.},
  title =	 {Solar wind electron distribution functions inside magnetic
                  clouds},
  journal =	 {Journal of Geophysical Research},
  volume =	 113,
  number =	 {A2},
  issn =	 {2156-2202},
  url =		 {http://dx.doi.org/10.1029/2007JA012703},
  doi =		 {10.1029/2007JA012703},
  pages =	 {n/a--n/a},
  year =	 2008,
  note =	 {A02105},
}

@article {NS66,
  author =	 {Neugebauer, Marcia and Snyder, Conway W.},
  title =	 {Mariner 2 observations of the solar wind: 1. Average
                  properties},
  journal =	 {Journal of Geophysical Research},
  volume =	 71,
  number =	 19,
  issn =	 {2156-2202},
  url =		 {http://dx.doi.org/10.1029/JZ071i019p04469},
  doi =		 {10.1029/JZ071i019p04469},
  pages =	 {4469--4484},
  keywords =	 {Particles and Fields in Interplanetary Space: Solar-wind
                  plasma},
  year =	 1966,
}

@article{NatashaKBE14,
  Author =	 {Jeffrey, Natasha L. S. and Kontar, Eduard P. and Bian, Nicolas
                  H. and Emslie, A. Gordon},
  Title =	 {On the variation of solar flare coronal x-ray source sizes
                  with energy},
  Journal =	 {The Astrophysical Journal},
  Year =	 2014,
  Volume =	 787,
  Number =	 1,
  Month =	 {MAY},
  DOI =		 {10.1088/0004-637X/787/1/86},
  Article-Number =86,
}

@article{Oka2013,
  author =	 {M.  Oka and S. Ishikawa and P. Saint-Hilaire and S. Krucker
                  and R. P. Lin},
  title =	 {Kappa Distribution Model for Hard X-Ray Coronal Sources of
                  Solar Flares},
  journal =	 {The Astrophysical Journal},
  volume =	 764,
  number =	 1,
  pages =	 6,
  url =		 {http://stacks.iop.org/0004-637X/764/i=1/a=6},
  year =	 2013,
}

@article{Oka2015,
  author =	 {{Oka}, M. and {Krucker}, \"{S}. and {Hugh}, H.~S.  and
                  {Saint-Hilaire}, P.},
  title =	 "{Electron energy partition in the above-the-looptop solar hard
                  X-ray sources}",
  journal =	 {The Astrophysical Journal},
  year =	 2015,
  month =	 jan,
  volume =	 799,
  pages =	 129,
  url =		 {http://stacks.iop.org/0004-637X/799/i=2/a=129},
  doi =		 {10.1088/0004-637X/799/2/129}
}

@article{PK11,
  author =	 {Potapenko, I. F. and Krasheninnikov, S. I.},
  year =	 2011,
  pages =	 {803–812},
  title =	 {Numerical solution of nonlinear electron kinetic equation in
                  self-similar variables},
  volume =	 77,
  DOI =		 {10.1017/S0022377811000225},
  number =	 6,
  journal =	 {J. Plasma Phys.},
  publisher =	 {Cambridge University Press},
}

@article{PK95,
  author =	 {{Porter}, L.~J. and {Klimchuk}, J.~A.},
  title =	 "{Soft X-Ray Loops and Coronal Heating}",
  journal =	 {The Astrophysical Journal},
  keywords =	 {SUN: ACTIVITY, SUN: CORONA, SUN: X-RAYS, GAMMA RAYS},
  year =	 1995,
  month =	 nov,
  volume =	 454,
  pages =	 499,
  doi =		 {10.1086/176501},
  url =		 {http://adsabs.harvard.edu/abs/1995ApJ...454..499P},
  adsnote =	 {Provided by the SAO/NASA Astrophysics Data System}
}

@article{PL96,
  author =	 {Pierrard, V. and Lemaire, J.},
  title =	 {Lorentzian ion exosphere model},
  journal =	 {Journal of Geophysical Research},
  volume =	 101,
  number =	 {A4},
  issn =	 {2156-2202},
  url =		 {http://dx.doi.org/10.1029/95JA03802},
  doi =		 {10.1029/95JA03802},
  pages =	 {7923--7934},
  keywords =	 {Ionosphere/magnetosphere interactions, Plasma temperature and
                  density, Plasmasphere},
  year =	 1996,
}

@article{PLL04,
  author =	 {Pierrard, V. and Lamy, H. and Lemaire, J.},
  title =	 {Exospheric distributions of minor ions in the solar wind},
  journal =	 {Journal of Geophysical Research},
  volume =	 109,
  number =	 {A2},
  issn =	 {2156-2202},
  url =		 {http://dx.doi.org/10.1029/2003JA010069},
  doi =		 {10.1029/2003JA010069},
  pages =	 {n/a--n/a},
  keywords =	 {Solar wind plasma, Solar wind sources, Coronal holes, Corona,
                  solar wind, ion acceleration, exospheric model, kappa
                  distribution, velocity filtration},
  year =	 2004,
  note =	 {A02118},
}

@article{PLPSMT16,
  author =	 "Pierrard, V.  and Lazar, M.  and Poedts, S.  and
                  {\v{S}}tver{\'a}k, {\v{S}}.  and Maksimovic, M.  and
                  Tr{\'a}vn{\'i}{\v{c}}ek, P. M.",
  title =	 "The Electron Temperature and Anisotropy in the Solar
                  Wind. Comparison of the Core and Halo Populations",
  journal =	 "Solar Physics",
  year =	 2016,
  volume =	 291,
  number =	 7,
  pages =	 "2165--2179",
  issn =	 "1573-093X",
  doi =		 "10.1007/s11207-016-0961-7",
  url =		 "http://dx.doi.org/10.1007/s11207-016-0961-7"
}

@article{PML2001,
  author =	 {Pierrard, V. and Maksimovic, M. and Lemaire, J.},
  title =	 {Self-consistent model of solar wind electrons},
  journal =	 {Journal of Geophysical Research},
  volume =	 106,
  number =	 {A12},
  issn =	 {2156-2202},
  url =		 {http://dx.doi.org/10.1029/2001JA900133},
  doi =		 {10.1029/2001JA900133},
  pages =	 {29305--29312},
  keywords =	 {Solar wind plasma, Solar wind sources, Kinetic and MHD theory},
  year =	 2001,
}

@article{PML99,
  author =	 {Pierrard, V. and Maksimovic, M. and Lemaire, J.},
  title =	 {Electron velocity distribution functions from the solar wind
                  to the corona},
  journal =	 {Journal of Geophysical Research},
  volume =	 104,
  number =	 {A8},
  issn =	 {2156-2202},
  url =		 {http://dx.doi.org/10.1029/1999JA900169},
  doi =		 {10.1029/1999JA900169},
  pages =	 {17021--17032},
  keywords =	 {Solar wind sources, Solar wind plasma, Auroral ionosphere,
                  Solar wind/magnetosphere interactions, Corona, Kinetic and MHD
                  theory},
  year =	 1999,
}

@article{PMMRA87,
  author =	 {Pilipp, W.  G. and Miggenrieder, H.  and Montgomery, M. D.
                  and Mühlhäuser, K.  -H. and Rosenbauer, H. and Schwenn, R.},
  title =	 {Characteristics of electron velocity distribution functions in
                  the solar wind derived from the Helios Plasma Experiment},
  journal =	 {Journal of Geophysical Research},
  volume =	 92,
  number =	 {A2},
  issn =	 {2156-2202},
  url =		 {http://dx.doi.org/10.1029/JA092iA02p01075},
  doi =		 {10.1029/JA092iA02p01075},
  pages =	 {1075--1092},
  keywords =	 {Solar wind plasma},
  year =	 1987,
}

@article{PMMRSN87,
  author =	 {Pilipp, W.  G. and Miggenrieder, H.  and Mühlhäuser, K.  -H.
                  and Rosenbauer, H.  and Schwenn, R.  and Neubauer, F. M.},
  title =	 {Variations of electron distribution functions in the solar
                  wind},
  journal =	 {Journal of Geophysical Research},
  volume =	 92,
  number =	 {A2},
  issn =	 {2156-2202},
  url =		 {http://dx.doi.org/10.1029/JA092iA02p01103},
  doi =		 {10.1029/JA092iA02p01103},
  pages =	 {1103--1118},
  keywords =	 {Interplanetary magnetic fields, Solar wind plasma},
  year =	 1987,
}

@article{PP14,
  author =	 {Pierrard, V. and Pieters, M.},
  title =	 {Coronal heating and solar wind acceleration for electrons,
                  protons, and minor ions obtained from kinetic models based on
                  kappa distributions},
  journal =	 {Journal of Geophysical Research},
  volume =	 119,
  number =	 12,
  issn =	 {2169-9402},
  url =		 {http://dx.doi.org/10.1002/2014JA020678},
  doi =		 {10.1002/2014JA020678},
  pages =	 {9441--9455},
  keywords =	 {Solar wind plasma, Corona, Coronal holes, Energetic particles,
                  Kinetic and MHD theory, kappa distributions, solar wind,
                  coronal heating},
  year =	 2014,
  note =	 {2014JA020678},
}

@article{PPKSS07,
  author =	 {Pagel, Christina and Gary, S.  Peter and de Koning, Curt
                  A. and Skoug, Ruth M. and Steinberg, John T.},
  title =	 {Scattering of suprathermal electrons in the solar wind: ACE
                  observations},
  journal =	 {Journal of Geophysical Research},
  volume =	 112,
  number =	 {A4},
  issn =	 {2156-2202},
  url =		 {http://dx.doi.org/10.1029/2006JA011967},
  doi =		 {10.1029/2006JA011967},
  pages =	 {n/a--n/a},
  keywords =	 {Solar wind plasma, Plasma waves and turbulence, Wave/particle
                  interactions, Kinetic waves and instabilities, solar wind,
                  electrons, scattering},
  year =	 2007,
  note =	 {A04103},
}

@article{PVYZG13,
  author =	 {{Pavan}, J.  and {Vi{\~n}as}, A.~F.  and {Yoon}, P.~H. and
                  {Ziebell}, L.~F. and {Gaelzer}, R.},
  title =	 "{Solar Wind Strahl Broadening by Self-generated Plasma Waves}",
  journal =	 {Astrophysical Journal Letters},
  keywords =	 {diffusion, instabilities, interplanetary medium, plasmas,
                  solar wind, waves },
  year =	 2013,
  month =	 jun,
  volume =	 769,
  eid =		 {L30},
  pages =	 {L30},
  doi =		 {10.1088/2041-8205/769/2/L30},
  url =		 {http://adsabs.harvard.edu/abs/2013ApJ...769L..30P},
}

@article{Padovani2015,
  author =	 {{Padovani}, M. and {Hennebelle}, P. and {Marcowith}, A. and
                  {Ferri{\`e}re}, K.},
  title =	 "{Cosmic-ray acceleration in young protostars}",
  journal =	 {Astronomy \& Astrophysics},
  archivePrefix ="arXiv",
  eprint =	 {1509.06416},
  primaryClass = "astro-ph.SR",
  keywords =	 {cosmic rays, ISM: jets and outflows, stars: protostars},
  year =	 2015,
  month =	 oct,
  volume =	 582,
  eid =		 {L13},
  pages =	 {L13},
  doi =		 {10.1051/0004-6361/201526874},
  url =		 {http://adsabs.harvard.edu/abs/2015A%26A...582L..13P},
  adsnote =	 {Provided by the SAO/NASA Astrophysics Data System}
}

@article{Padovani2017,
  author =	 {{Padovani}, M. and {Marcowith}, A. and {Hennebelle}, P. and
                  {Ferri{\`e}re}, K.},
  title =	 "{The plasma physics of cosmic rays in star-forming regions}",
  journal =	 {Plasma Phys. and Contr. Fus.},
  year =	 2017,
  month =	 jan,
  volume =	 59,
  number =	 1,
  eid =		 014002,
  pages =	 014002,
  doi =		 {10.1088/0741-3335/59/1/014002},
  url =		 {http://adsabs.harvard.edu/abs/2017PPCF...59a4002P},
  adsnote =	 {Provided by the SAO/NASA Astrophysics Data System}
}

@article{Parker1956,
  title =	 {Modulation of Primary Cosmic-Ray Intensity},
  author =	 {Parker, Eugene N.},
  journal =	 {Phys. Rev.},
  volume =	 103,
  issue =	 5,
  pages =	 {1518--1533},
  numpages =	 0,
  year =	 1956,
  month =	 {Sep},
  publisher =	 {American Physical Society},
  doi =		 {10.1103/PhysRev.103.1518},
  url =		 {https://link.aps.org/doi/10.1103/PhysRev.103.1518}
}


@article{Parker1958a,
  author =	 {{Parker}, E.~N.},
  title =	 "{Dynamics of the Interplanetary Gas and Magnetic Fields.}",
  journal =	 {The Astrophysical Journal},
  year =	 1958,
  month =	 nov,
  volume =	 128,
  pages =	 664,
  doi =		 {10.1086/146579},
  url =		 {http://adsabs.harvard.edu/abs/1958ApJ...128..664P},
}

@article{Parker1958b,
  author =	 {{Parker}, E.~N.},
  title =	 "{Suprathermal Particle Generation in the Solar Corona.}",
  journal =	 {The Astrophysical Journal},
  year =	 1958,
  month =	 nov,
  volume =	 128,
  pages =	 677,
  doi =		 {10.1086/146580},
  url =		 {http://adsabs.harvard.edu/abs/1958ApJ...128..677P},
}

@article{Parker1965,
  author =	 "Parker, E. N.",
  title =	 "Dynamical theory of the solar wind",
  journal =	 "Space Science Reviews",
  year =	 1965,
  month =	 "Sep",
  day =		 01,
  volume =	 4,
  number =	 5,
  pages =	 "666--708",
  issn =	 "1572-9672",
  doi =		 "10.1007/BF00216273",
  url =		 "http://dx.doi.org/10.1007/BF00216273"
}

@article{Parker1988,
  author =	 {{Parker}, E.~N.},
  title =	 "{Nanoflares and the solar X-ray corona}",
  journal =	 {The Astrophysical Journal},
  keywords =	 {Solar Corona, Solar Flares, Solar Magnetic Field, Solar
                  X-Rays, Ultraviolet Radiation, High Temperature Gases, Lines
                  Of Force, Photosphere, Spatial Resolution, Steady State},
  year =	 1988,
  month =	 jul,
  volume =	 330,
  pages =	 {474-479},
  doi =		 {10.1086/166485},
  url =		 {http://adsabs.harvard.edu/abs/1988ApJ...330..474P},
  adsnote =	 {Provided by the SAO/NASA Astrophysics Data System}
}

@article{Parker2014,
  author =	 {Eugene N. Parker},
  title =	 {Reminiscing my sixty year pursuit of the physics of the Sun
                  and the Galaxy},
  journal =	 {Research in Astronomy and Astrophysics},
  volume =	 14,
  number =	 1,
  pages =	 1,
  url =		 {http://stacks.iop.org/1674-4527/14/i=1/a=001},
  year =	 2014,
}

@article{Parks2004,
  author =	 "Parks, George K.",
  title =	 "Why space physics needs to go beyond the MHD box",
  journal =	 "Space Science Reviews",
  year =	 2004,
  month =	 "Oct",
  day =		 01,
  volume =	 113,
  number =	 1,
  pages =	 "97--121",
  issn =	 "1572-9672",
  doi =		 "10.1023/B:SPAC.0000042941.14372.9b",
  url =		 "https://doi.org/10.1023/B:SPAC.0000042941.14372.9b"
}

@article{Pelletier82,
  title =	 {Generation of a High-Energy Electron Tail by Strong Langmuir
                  Turbulence in a Plasma},
  author =	 {Pelletier, Guy},
  journal =	 {Physical Review Letters},
  volume =	 49,
  issue =	 11,
  pages =	 {782--785},
  numpages =	 0,
  year =	 1982,
  month =	 {Sep},
  publisher =	 {American Physical Society},
  doi =		 {10.1103/PhysRevLett.49.782},
  url =		 {https://link.aps.org/doi/10.1103/PhysRevLett.49.782}
}

@article{Perrone2013,
  author =	 "Perrone, D.  and Dendy, R. O.  and Furno, I.  and Sanchez, R.
                  and Zimbardo, G.  and Bovet, A.  and Fasoli, A.  and
                  Gustafson, K.  and Perri, S.  and Ricci, P.  and Valentini,
                  F.",
  title =	 "Nonclassical Transport and Particle-Field Coupling: from
                  Laboratory Plasmas to the Solar Wind",
  journal =	 "Space Science Reviews",
  year =	 2013,
  month =	 "Oct",
  day =		 01,
  volume =	 178,
  number =	 2,
  pages =	 "233--270",
  issn =	 "1572-9672",
  doi =		 "10.1007/s11214-013-9966-9",
  url =		 "https://doi.org/10.1007/s11214-013-9966-9"
}

@article{Peterson2019,
  author =	 {Peterson, Ethan E.  and Endrizzi, Douglass A.  and Beidler,
                  Matthew and Bunkers, Kyle J.  and Clark, Michael and Egedal,
                  Jan and Flanagan, Ken and McCollam, Karsten J.  and Milhone,
                  Jason and Olson, Joseph and Sovinec, Carl R.  and Waleffe,
                  Roger and Wallace, John and Forest, Cary B.},
  title =	 {A laboratory model for the Parker spiral and magnetized
                  stellar winds},
  journal =	 {Nature Physics},
  year =	 2019,
  issn =	 {1745-2481},
  doi =		 {10.1038/s41567-019-0592-7},
  url =		 {https://doi.org/10.1038/s41567-019-0592-7}
}

@article{Pezzi2015,
  author =	 {Pezzi, O. and Valentini, F. and Veltri, P.},
  title =	 {Nonlinear regime of electrostatic waves propagation in
                  presence of electron-electron collisions},
  journal =	 {Physics of Plasmas},
  year =	 2015,
  month =	 apr,
  volume =	 22,
  number =	 4,
  eid =		 042112,
  pages =	 042112,
  doi =		 {10.1063/1.4919034},
  url =		 {http://adsabs.harvard.edu/abs/2015PhPl...22d2112P},
}

@article{Pezzi2016,
  title =	 {Collisional Relaxation of Fine Velocity Structures in Plasmas},
  author =	 {Pezzi, Oreste and Valentini, Francesco and Veltri, Pierluigi},
  journal =	 {Physical Review Letters},
  volume =	 116,
  issue =	 14,
  pages =	 145001,
  numpages =	 5,
  year =	 2016,
  month =	 {Apr},
  publisher =	 {American Physical Society},
  doi =		 {10.1103/PhysRevLett.116.145001},
  url =		 {http://link.aps.org/doi/10.1103/PhysRevLett.116.145001}
}

@article{Pezzi2017,
  title =	 {Solar wind collisional heating},
  volume =	 83,
  DOI =		 {10.1017/S0022377817000368},
  number =	 3,
  journal =	 {Journal of Plasma Physics},
  publisher =	 {Cambridge University Press},
  author =	 {Pezzi, Oreste},
  year =	 2017
}

@article{Pezzi2018,
  author =	 {Pezzi,O.  and Servidio,S.  and Perrone,D.  and Valentini,F.
                  and Sorriso-Valvo,L.  and Greco,A.  and Matthaeus,W. H.  and
                  Veltri,P. },
  title =	 {Velocity-space cascade in magnetized plasmas: Numerical
                  simulations},
  journal =	 {Physics of Plasmas},
  volume =	 25,
  number =	 6,
  pages =	 060704,
  year =	 2018,
  doi =		 {10.1063/1.5027685},
  url =		 {https://doi.org/10.1063/1.5027685}
}


@article{Piana03,
  author =	 {Michele Piana and Anna Maria Massone and Eduard P. Kontar and
                  A. Gordon Emslie and John C. Brown and Richard A. Schwartz},
  title =	 {Regularized Electron Flux Spectra in the 2002 July 23 Solar
                  Flare},
  journal =	 {Astrophysical Journal Letters},
  volume =	 595,
  number =	 2,
  pages =	 {L127},
  url =		 {http://stacks.iop.org/1538-4357/595/i=2/a=L127},
  year =	 2003,
}

@article{Pierrard2003,
  author =	 "Pierrard, Viviane and Lamy, Herv{\'e}",
  title =	 "The Effects of the Velocity Filtration Mechanism on the Minor
                  Ions of the Corona",
  journal =	 "Solar Physics",
  year =	 2003,
  month =	 "Sep",
  day =		 01,
  volume =	 216,
  number =	 1,
  pages =	 "47--58",
  issn =	 "1573-093X",
  doi =		 "10.1023/A:1026157306754",
  url =		 "http://dx.doi.org/10.1023/A:1026157306754"
}

@article{Pierrard2010,
  author =	 "Pierrard, V.  and Lazar, M.",
  title =	 "Kappa Distributions: Theory and Applications in Space Plasmas",
  journal =	 "Solar Physics",
  year =	 2010,
  volume =	 267,
  number =	 1,
  pages =	 "153--174",
  issn =	 "1573-093X",
  doi =		 "10.1007/s11207-010-9640-2",
  url =		 "http://dx.doi.org/10.1007/s11207-010-9640-2"
}

@article{Pierrard2011,
  author =	 {{Pierrard}, V. and {Lazar}, M. and {Schlickeiser}, R.},
  title =	 "{Evolution of the Electron Distribution Function in the
                  Whistler Wave Turbulence of the Solar Wind}",
  journal =	 {Solar Physics},
  keywords =	 {Corona, Flares, dynamics, Instabilities, Solar wind, Waves,
                  plasma},
  year =	 2011,
  month =	 apr,
  volume =	 269,
  pages =	 {421-438},
  doi =		 {10.1007/s11207-010-9700-7},
  url =		 {http://adsabs.harvard.edu/abs/2011SoPh..269..421P},
  adsnote =	 {Provided by the SAO/NASA Astrophysics Data System}
}

@article{Pierrard2012,
  author =	 "Pierrard, Viviane",
  title =	 "Solar Wind Electron Transport: Interplanetary Electric Field
                  and Heat Conduction",
  journal =	 "Space Science Reviews",
  year =	 2012,
  month =	 "Nov",
  day =		 01,
  volume =	 172,
  number =	 1,
  pages =	 "315--324",
  issn =	 "1572-9672",
  doi =		 "10.1007/s11214-011-9743-6",
  url =		 "http://dx.doi.org/10.1007/s11214-011-9743-6"
}

@article{QCHW12,
  author =	 {Qiu, J. and Cheng, J.  X. and Hurford, G.  J. and Xu, Y. and
                  Wang, H.},
  title =	 {Solar flare hard X-ray spikes observed by RHESSI: a case
                  study},
  DOI =		 "10.1051/0004-6361/201118609",
  url =		 "http://dx.doi.org/10.1051/0004-6361/201118609",
  journal =	 {Astronomy \& Astrophysics},
  year =	 2012,
  volume =	 547,
  pages =	 "A72",
}

@article{RE2000,
  author =	 {Ruth Esser and Richard J. Edgar},
  title =	 {Reconciling Spectroscopic Electron Temperature Measurements in
                  the Solar Corona with In Situ Charge State Observations},
  journal =	 {Astrophysical Journal Letters},
  volume =	 532,
  number =	 1,
  pages =	 {L71},
  url =		 {http://stacks.iop.org/1538-4357/532/i=1/a=L71},
  year =	 2000,
}

@article{RFD07,
  author =	 {Yu. Ralchenko and U. Feldman and G. A. Doschek},
  title =	 {Is There a High-Energy Particle Population in the Quiet Solar
                  Corona?},
  journal =	 {The Astrophysical Journal},
  volume =	 659,
  number =	 2,
  pages =	 1682,
  url =		 {http://stacks.iop.org/0004-637X/659/i=2/a=1682},
  year =	 2007,
}

@ARTICLE{RK94,
  author =	 {{Raulin}, J.~P. and {Klein}, K.-L.},
  title =	 "{Acceleration of electrons outside flares: Evidence for
                  coronal evolution and height-extended energy release during
                  noise storms}",
  journal =	 {Astronomy \& Astrophysics},
  year =	 1994,
  month =	 jan,
  volume =	 281,
  pages =	 {536-550},
  url =		 {http://adsabs.harvard.edu/abs/1994A%26A...281..536R},
  adsnote =	 {Provided by the SAO/NASA Astrophysics Data System}
}

@article {RM98,
  author =	 {Roberts, D. Aaron and Miller, James A.},
  title =	 {Generation of nonthermal electron distributions by turbulent
                  waves near the Sun},
  journal =	 {Journal of Geophysical Research},
  volume =	 25,
  number =	 5,
  issn =	 {1944-8007},
  url =		 {http://dx.doi.org/10.1029/98GL00328},
  doi =		 {10.1029/98GL00328},
  pages =	 {607--610},
  year =	 1998,
}

@article{RR14,
  author =	 {Hamish Andrew Sinclair Reid and Heather Ratcliffe},
  title =	 {A review of solar type III radio bursts},
  journal =	 {Research in Astronomy and Astrophysics},
  volume =	 14,
  number =	 7,
  pages =	 773,
  url =		 {http://stacks.iop.org/1674-4527/14/i=7/a=003},
  year =	 2014,
}

@article{RRP11,
  author =	 {{Radziszewski, K.} and {Rudawy, P.}  and {Phillips, K. J. H.}},
  title =	 {High time resolution observations of solar Hα flares},
  DOI =		 "10.1051/0004-6361/200911924",
  url =		 "http://dx.doi.org/10.1051/0004-6361/200911924",
  journal =	 {Astronomy \& Astrophysics},
  year =	 2011,
  volume =	 535,
  pages =	 "A123",
}

@article {RRY06,
  author =	 {Rhee, Tongnyeol and Ryu, Chang-Mo and Yoon, Peter H.},
  title =	 {Self-consistent formation of electron κ distribution:
                  2. Further numerical investigation},
  journal =	 {Journal of Geophysical Research},
  volume =	 111,
  number =	 {A9},
  issn =	 {2156-2202},
  url =		 {http://dx.doi.org/10.1029/2006JA011682},
  doi =		 {10.1029/2006JA011682},
  pages =	 {n/a--n/a},
  year =	 2006,
  note =	 {A09107},
}

@article{Rab2017,
  author =	 {{Rab}, C. and {G{\"u}del}, M. and {Padovani}, M. and {Kamp},
                  I.  and {Thi}, W.-F.  and {Woitke}, P.  and {Aresu}, G.},
  title =	 "{Stellar energetic particle ionization in protoplanetary disks
                  around T Tauri stars}",
  journal =	 {Astronomy \& Astrophysics},
  archivePrefix ="arXiv",
  eprint =	 {1702.07522},
  primaryClass = "astro-ph.SR",
  keywords =	 {stars: formation, circumstellar matter, stars: activity,
                  radiative transfer, astrochemistry, methods: numerical},
  year =	 2017,
  month =	 jul,
  volume =	 603,
  eid =		 {A96},
  pages =	 {A96},
  doi =		 {10.1051/0004-6361/201630241},
  url =		 {http://adsabs.harvard.edu/abs/2017A%26A...603A..96R},
  adsnote =	 {Provided by the SAO/NASA Astrophysics Data System}
}

@article{Ratcliffe2014,
  Author =	 {Ratcliffe, H. and Kontar, E. P.},
  Title =	 {Plasma radio emission from inhomogeneous collisional plasma of
                  a flaring loop},
  Journal =	 {Astronomy \& Astrophysics},
  Year =	 2014,
  Volume =	 562,
  Month =	 {FEB},
  DOI =		 {10.1051/0004-6361/201322263},
  Article-Number ={A57},
}

@article{Reid2015,
  author =	 {{Reid, Hamish A. S.} and {Kontar, Eduard P.}},
  title =	 {Stopping frequency of type III solar radio bursts in expanding
                  magnetic flux tubes},
  DOI =		 "10.1051/0004-6361/201425309",
  url =		 "https://doi.org/10.1051/0004-6361/201425309",
  journal =	 {Astronomy \& Astrophysics},
  year =	 2015,
  volume =	 577,
  pages =	 "A124",
}

@article{Riemann2003,
  author =	 {K-U Riemann},
  title =	 {Kinetic analysis of the collisional plasma–sheath transition},
  journal =	 {Journal of Physics D: Applied Physics},
  volume =	 36,
  number =	 22,
  pages =	 2811,
  url =		 {http://stacks.iop.org/0022-3727/36/i=22/a=007},
  year =	 2003,
}

@article{Rozmus2017,
  title =	 {Electrostatic fluctuations in collisional plasmas},
  author =	 {Rozmus, W. and Brantov, A. and Fortmann-Grote, C. and
                  Bychenkov, V. Yu. and Glenzer, S.},
  journal =	 {Phys. Rev. E},
  volume =	 96,
  issue =	 4,
  pages =	 043207,
  numpages =	 15,
  year =	 2017,
  month =	 {Oct},
  publisher =	 {American Physical Society},
  doi =		 {10.1103/PhysRevE.96.043207},
  url =		 {https://link.aps.org/doi/10.1103/PhysRevE.96.043207}
}

@article{SBG12,
  Author =	 {Sahraoui, F. and Belmont, G. and Goldstein, M. L.},
  Title =	 {New Insight Into Short-Wavelength Solar Wind Fluctuations From
                  Vlasov Theory},
  Journal =	 {The Astrophysical Journal},
  Year =	 2012,
  Volume =	 748,
  Number =	 2,
  Month =	 {APR 1},
  DOI =		 {10.1088/0004-637X/748/2/100},
  Article-Number =100,
}

@article{SHD05,
  author =	 {Linhui Sui and Gordon D. Holman and Brian R. Dennis},
  title =	 {Determination of Low-Energy Cutoffs and Total Energy of
                  Nonthermal Electrons in a Solar Flare on 2002 April 15},
  journal =	 {The Astrophysical Journal},
  volume =	 626,
  number =	 2,
  pages =	 1102,
  url =		 {http://stacks.iop.org/0004-637X/626/i=2/a=1102},
  year =	 2005,
}

@article{SK13,
  author =	 {J. D. Scudder and H. Karimabadi},
  title =	 {Ubiquitous Non-thermals in Astrophysical Plasmas: Restating
                  the Difficulty of Maintaining Maxwellians},
  journal =	 {The Astrophysical Journal},
  volume =	 770,
  number =	 1,
  pages =	 26,
  url =		 {http://stacks.iop.org/0004-637X/770/i=1/a=26},
  year =	 2013,
}

@article{SMH12,
  author =	 {H. M. Smith and E. Marsch and P. Helander},
  title =	 {Electron Transport in the Fast Solar Wind},
  journal =	 {The Astrophysical Journal},
  volume =	 753,
  number =	 1,
  pages =	 31,
  url =		 {http://stacks.iop.org/0004-637X/753/i=1/a=31},
  year =	 2012,
}

@article {SMTMFS09,
  author =	 {{\v{S}}tver{\'a}k, {\v{S}}, {\v{S}}t{\v{e}}p{\'a}n and
                  Maksimovic, Milan and Tr{\'a}vn{\'i}{\v{c}}ek, Pavel M. and
                  Marsch, Eckart and Fazakerley, Andrew N. and Scime, Earl E.},
  title =	 {Radial evolution of nonthermal electron populations in the
                  low-latitude solar wind: Helios, Cluster, and Ulysses
                  Observations},
  journal =	 {Journal of Geophysical Research},
  volume =	 114,
  number =	 {A5},
  issn =	 {2156-2202},
  url =		 {http://dx.doi.org/10.1029/2008JA013883},
  doi =		 {10.1029/2008JA013883},
  pages =	 {n/a--n/a},
  year =	 2009,
  note =	 {A05104},
}

@article {SNR63,
  author =	 {Snyder, Conway W.  and Neugebauer, Marcia and Rao, U. R.},
  title =	 {The solar wind velocity and its correlation with cosmic-ray
                  variations and with solar and geomagnetic activity},
  journal =	 {Journal of Geophysical Research},
  volume =	 68,
  number =	 24,
  issn =	 {2156-2202},
  url =		 {http://dx.doi.org/10.1029/JZ068i024p06361},
  doi =		 {10.1029/JZ068i024p06361},
  pages =	 {6361--6370},
  year =	 1963,
}

@article{SNYS15,
  author =	 {Jungjoon Seough and Yasuhiro Nariyuki and Peter H. Yoon and
                  Shinji Saito},
  title =	 {Strahl Formation in the Solar Wind Electrons via Whistler
                  Instability},
  journal =	 {Astrophysical Journal Letters},
  volume =	 811,
  number =	 1,
  pages =	 {L7},
  url =		 {http://stacks.iop.org/2041-8205/811/i=1/a=L7},
  year =	 2015,
}

@article {SO79a,
  author =	 {Scudder, Jack D. and Olbert, Stanislaw},
  title =	 {A theory of local and global processes which affect solar wind
                  electrons, 1. The origin of typical 1 AU velocity distribution
                  functions—Steady state theory},
  journal =	 {Journal of Geophysical Research},
  volume =	 84,
  number =	 {A6},
  issn =	 {2156-2202},
  url =		 {http://dx.doi.org/10.1029/JA084iA06p02755},
  doi =		 {10.1029/JA084iA06p02755},
  pages =	 {2755--2772},
  year =	 1979,
}

@article {SO79b,
  author =	 {Scudder, Jack D. and Olbert, Stanislaw},
  title =	 {A theory of local and global processes which affect solar wind
                  electrons 2. Experimental support},
  journal =	 {Journal of Geophysical Research},
  volume =	 84,
  number =	 {A11},
  issn =	 {2156-2202},
  url =		 {http://dx.doi.org/10.1029/JA084iA11p06603},
  doi =		 {10.1029/JA084iA11p06603},
  pages =	 {6603--6620},
  keywords =	 {Corona},
  year =	 1979,
}

@article{SS72,
  author =	 {{Syrovatskii}, S.~I. and {Shmeleva}, O.~P.},
  title =	 "{Heating of Plasma by High-Energy Electrons, and Nonthermal
                  X-Ray Emission in Solar Flares}",
  journal =	 {Soviet Astronomy},
  year =	 1972,
  month =	 oct,
  volume =	 16,
  pages =	 273,
  url =		 {http://adsabs.harvard.edu/abs/1972SvA....16..273S},
  adsnote =	 {Provided by the SAO/NASA Astrophysics Data System}
}

@article{SSZ16,
  author =	 {Ivan N.  Sharykin and Alexei B. Struminsky and Ivan
                  V. Zimovets and Wei-Qun Gan},
  title =	 {Solar flares with similar soft but different hard X-ray
                  emissions: case and statistical studies},
  journal =	 {Research in Astronomy and Astrophysics},
  volume =	 16,
  number =	 1,
  pages =	 005,
  url =		 {http://stacks.iop.org/1674-4527/16/i=1/a=005},
  year =	 2016,
}

@article{ST99,
  Author =	 {Stepanov, AV and Tsap, YT},
  Title =	 {The energetic-electron spectra and hard X-ray radiation of
                  solar flares},
  Journal =	 {Astronomy Reports},
  Year =	 1999,
  Volume =	 43,
  Number =	 12,
  Pages =	 {838-848},
  Month =	 {Dec},
  ISSN =	 {1063-7729},
  Unique-ID =	 {ISI:000084161700007},
}

@article{Santoru1993,
  author =	 {Joseph Santoru and Daniel J. Gregoire},
  title =	 {Electromagnetic‐wave absorption in highly collisional plasmas},
  journal =	 {Journal of Applied Physics},
  volume =	 74,
  number =	 6,
  pages =	 {3736-3743},
  year =	 1993,
  doi =		 {10.1063/1.354520},
  URL =		 { https://doi.org/10.1063/1.354520 },
}

@article{Santos_Lima_2014,
  author =	 {R. Santos-Lima and E. M. de Gouveia Dal Pino and G. Kowal and
                  D. Falceta-Gon{\c{c}}alves and A. Lazarian and M. S. Nakwacki},
  title =	 {Magnetic field amplification and evolution in turbulent
                  collisionless magnetohydrodynamics: an application to the
                  intracluster medium},
  doi =		 {10.1088/0004-637x/781/2/84},
  url =		 {https://doi.org/10.1088%2F0004-637x%2F781%2F2%2F84},
  year =	 2014,
  month =	 {jan},
  publisher =	 {IOP Publishing},
  volume =	 781,
  number =	 2,
  pages =	 84,
  journal =	 {The Astrophysical Journal}
}

@article{Schekochihin2007,
  author =	 {{Schekochihin}, A.~A.  and {Cowley}, S.~C.  and {Dorland}, W.},
  title =	 "{Interplanetary and interstellar plasma turbulence}",
  journal =	 {Plasma Physics and Controlled Fusion},
  eprint =	 {astro-ph/0610810},
  year =	 2007,
  month =	 may,
  volume =	 49,
  pages =	 {A195-A209},
  doi =		 {10.1088/0741-3335/49/5A/S16},
  url =		 {http://adsabs.harvard.edu/abs/2007PPCF...49..195S},
  adsnote =	 {Provided by the SAO/NASA Astrophysics Data System}
}

@article{Schlickeiser2003,
  author =	 {{Schlickeiser}, R.},
  title =	 "{Nonthermal radiation from jets of active galactic nuclei:
                  Electrostatic bremsstrahlung as alternative to synchrotron
                  radiation}",
  journal =	 {Astronomy \& Astrophysics},
  keywords =	 {galaxies: active, galaxies: jets, radiation mechanisms:
                  non-thermal, plasmas},
  year =	 2003,
  month =	 oct,
  volume =	 410,
  pages =	 397,
  doi =		 {10.1051/0004-6361:20031103},
  url =		 {http://adsabs.harvard.edu/abs/2003A%26A...410..397S},
  adsnote =	 {Provided by the SAO/NASA Astrophysics Data System}
}

@article{Scudder92a,
  author =	 {{Scudder}, J.~D.},
  title =	 "{On the causes of temperature change in inhomogeneous
                  low-density astrophysical plasmas}",
  journal =	 {The Astrophysical Journal},
  keywords =	 {Computational Astrophysics, Cosmic Plasma, Plasma Temperature,
                  Distribution Functions, Magnetohydrodynamic Flow, Mathematical
                  Models, Plasma Density, Polytropic Processes, Statistical
                  Correlation, Transport Properties},
  year =	 {1992a},
  month =	 oct,
  volume =	 398,
  pages =	 {299-318},
  doi =		 {10.1086/171858},
  url =		 {http://adsabs.harvard.edu/abs/1992ApJ...398..299S},
  adsnote =	 {Provided by the SAO/NASA Astrophysics Data System}
}

@article{Scudder92b,
  author =	 {{Scudder}, J.~D.},
  title =	 "{Why all stars should possess circumstellar temperature
                  inversions}",
  journal =	 {The Astrophysical Journal},
  keywords =	 {Cosmic Plasma, Stellar Envelopes, Stellar Temperature,
                  Computational Astrophysics, Plasma Density, Stellar Coronas,
                  Stellar Magnetic Fields, Stellar Structure, X Ray Spectra},
  year =	 {1992b},
  month =	 oct,
  volume =	 398,
  pages =	 {319-349},
  doi =		 {10.1086/171859},
  adsnote =	 {Provided by the SAO/NASA Astrophysics Data System}
}

@article{Scudder94,
  author =	 {{Scudder}, J.~D.},
  title =	 "{Ion and electron suprathermal tail strengths in the
                  transition region: Support for the velocity filtration model
                  of the corona}",
  journal =	 {The Astrophysical Journal},
  year =	 1994,
  month =	 may,
  volume =	 427,
  pages =	 {446-452},
  doi =		 {10.1086/174155},
}

@article {Scudder96,
  author =	 {Scudder, J. D.},
  title =	 {Electron and ion temperature gradients and suprathermal tail
                  strengths at Parker's solar wind sonic critical point},
  journal =	 {Journal of Geophysical Research},
  volume =	 101,
  number =	 {A5},
  issn =	 {2156-2202},
  doi =		 {10.1029/96JA00188},
  pages =	 {11039--11053},
  year =	 1996,
}

@article{Shanker20061176,
  title =	 "Experimental results on 2–30 keV bremsstrahlung from thick and
                  thin targets ",
  journal =	 "Radiation Physics and Chemistry ",
  volume =	 75,
  number =	 10,
  pages =	 "1176 - 1186",
  year =	 2006,
  note =	 "Bremsstrahlung: Theory and Experiment ",
  issn =	 "0969-806X",
  doi =		 "10.1016/j.radphyschem.2006.06.004",
  url =
                  "http://www.sciencedirect.com/science/article/pii/S0969806X06003355",
  author =	 "R. Shanker",
  keywords =	 "Thick target bremsstrahlung (TTB)",
  keywords =	 "Solid-state effects",
  keywords =	 "Double differential cross-sections "
}

@article{Shizgal2007,
  author =	 "Shizgal, Bernie D.",
  title =	 "Suprathermal particle distributions in space physics:
                  Kappa distributions and entropy",
  journal =	 "Astrophys. Space Sci.",
  year =	 2007,
  month =	 "Dec",
  day =		 01,
  volume =	 312,
  number =	 3,
  pages =	 "227--237",
  issn =	 "1572-946X",
  doi =		 "10.1007/s10509-007-9679-1",
  url =		 "https://doi.org/10.1007/s10509-007-9679-1"
}

@article{Somov051,
  author =	 "B.V. Somov and T.  Kosugi and S.A.  Bogachev and S. Masuda and
                  T. Sakao",
  title =	 "On upward motions of coronal hard X-ray sources in solar
                  flares ",
  journal =	 "Advances in Space Research ",
  volume =	 35,
  number =	 10,
  pages =	 "1690 - 1699",
  year =	 2005,
  issn =	 "0273-1177",
  doi =		 "10.1016/j.asr.2005.05.075",
  url =          "http://www.sciencedirect.com/science/article/pii/S0273117705006927",
}

@article{Spitzer53,
  title =	 {Transport Phenomena in a Completely Ionized Gas},
  author =	 {Spitzer, Lyman and H\"arm, Richard},
  journal =	 {Phys. Rev.},
  volume =	 89,
  issue =	 5,
  pages =	 {977--981},
  numpages =	 0,
  year =	 1953,
  month =	 {Mar},
  publisher =	 {American Physical Society},
  doi =		 {10.1103/PhysRev.89.977},
  url =		 {https://link.aps.org/doi/10.1103/PhysRev.89.977}
}

@article{Stone2008,
  author =	 {{Stone}, E.~C. and {Cummings}, A.~C. and {McDonald}, F.~B.
                  and {Heikkila}, B.~C.  and {Lal}, N.  and {Webber}, W.~R.},
  title =	 "{An asymmetric solar wind termination shock}",
  journal =	 {Nature},
  year =	 2008,
  month =	 jul,
  volume =	 454,
  pages =	 {71-74},
  doi =		 {10.1038/nature07022},
  url =		 {http://adsabs.harvard.edu/abs/2008Natur.454...71S},
  adsnote =	 {Provided by the SAO/NASA Astrophysics Data System}
}

@article{SummersThorne91,
  author =	 {Danny Summers and Richard M. Thorne},
  title =	 {The modified plasma dispersion function},
  journal =	 {Phys. Fluids B: Plasma Physics},
  volume =	 3,
  number =	 8,
  pages =	 {1835-1847},
  year =	 1991,
  doi =		 {10.1063/1.859653},
  URL =		 {http://dx.doi.org/10.1063/1.859653},
}

@article{Schwartz2013,
  author =	 "Schwartz, Steven J.  and Zweibel, Ellen G.  and Goldman,
                  Martin",
  title =	 "Microphysics in Astrophysical Plasmas",
  journal =	 "Space Science Reviews",
  year =	 2013,
  month =	 "Oct",
  day =		 01,
  volume =	 178,
  number =	 2,
  pages =	 "81--99",
  issn =	 "1572-9672",
  doi =		 "10.1007/s11214-013-9975-8",
  url =		 "https://doi.org/10.1007/s11214-013-9975-8"
}

@article{TC02,
  author =	 {{Tam, S. W. Y.} and {Chang, T.}},
  title =	 {Comparison of the effects of wave-particle interactions and
                  the kinetic suprathermal electron population on the
                  acceleration of the solar wind},
  DOI =		 "10.1051/0004-6361:20021348",
  url =		 "https://doi.org/10.1051/0004-6361:20021348",
  journal =	 {Astronomy \& Astrophysics},
  year =	 2002,
  volume =	 395,
  number =	 3,
  pages =	 "1001-1012",
}

@article{ THD13,
  Author =	 {TenBarge, J. M. and Howes, G. G. and Dorland, W.},
  Title =	 {Collisionless damping at electron scales in solar wind
                  turbulence},
  Journal =	 {The Astrophysical Journal},
  Year =	 2013,
  Volume =	 774,
  Number =	 2,
  Month =	 {SEP 10},
  DOI =		 {10.1088/0004-637X/774/2/139},
  Article-Number =139,
  ISSN =	 {0004-637X},
  Unique-ID =	 {ISI:000323888900048},
}

@article{Tao2016,
  author =	 {{Tao}, J.  and {Wang}, L. and {Zong}, Q.  and {Li}, G.  and
                  {Salem}, C.~S.  and {Wimmer-Schweingruber}, R.~F. and {He},
                  J. and {Tu}, C. and {Bale}, S.~D.},
  title =	 "{Quiet-time Suprathermal (\~{}0.1-1.5 keV) Electrons in the
                  Solar Wind}",
  journal =	 {The Astrophysical Journal},
  keywords =	 {acceleration of particles, solar wind, Sun: particle emission},
  year =	 2016,
  month =	 mar,
  volume =	 820,
  eid =		 22,
  pages =	 22,
  doi =		 {10.3847/0004-637X/820/1/22},
  url =		 {http://adsabs.harvard.edu/abs/2016ApJ...820...22T},
  adsnote =	 {Provided by the SAO/NASA Astrophysics Data System}
}

@article{Teles15,
  title =	 {Temperature inversion in long-range interacting systems},
  author =	 {Teles, Tarc\'{\i}sio N. and Gupta, Shamik and Di Cintio,
                  Pierfrancesco and Casetti, Lapo},
  journal =	 {Physical Review E},
  volume =	 92,
  issue =	 2,
  pages =	 020101,
  numpages =	 5,
  year =	 2015,
  month =	 {Aug},
  publisher =	 {American Physical Society},
  doi =		 {10.1103/PhysRevE.92.020101},
}

@mastersthesis{Tigik2015,
  title =	 {An{\'a}lise N{\~a}o Linear da Intera{\c{c}}{\~a}o Feixe-Plasma
                  na Presen{\c{c}}a de Colis{\~o}es Bin{\'a}rias},
  author =	 {S. F. Tigik},
  school =	 {Universidade Federal do Rio Grande do Sul, Instituto de
                  F{\'i}sica},
  month =	 Sep,
  year =	 2015,
  url =		 {http://hdl.handle.net/10183/127986},
}

@article{Tigik2016a,
  author =	 {Tigik, S. F. and Ziebell, L. F. and Yoon, P. H. and Kontar,
                  E. P.},
  title =	 {Two-dimensional time evolution of beam-plasma instability in
                  the presence of binary collisions},
  journal =	 {Astronomy \& Astrophysics},
  year =	 2016,
  month =	 Feb,
  volume =	 586,
  pages =	 {A19},
  doi =		 {10.1051/0004-6361/201527271},
  adsnote =	 {Provided by the SAO/NASA Astrophysics Data System}
}

@article{Tigik2016b,
  author =	 "Tigik, S. F. and Ziebell, L. F. and Yoon, P. H.",
  title =	 "Collisional damping rates for plasma waves",
  journal =	 "Physics of Plasmas",
  year =	 2016,
  volume =	 23,
  number =	 6,
  pages =	 064504,
  doi =		 {10.1063/1.4953802}
}

@article{Tigik2017a,
  author =	 {S. F. Tigik and L. F. Ziebell and P. H. Yoon},
  title =	 {Generation of Suprathermal Electrons by Collective Processes
                  in Collisional Plasma},
  journal =	 {The Astrophysical Journal Letters},
  volume =	 849,
  number =	 2,
  pages =	 {L30},
  url =		 {http://stacks.iop.org/2041-8205/849/i=2/a=L30},
  year =	 2017,
}

@article{Tigik2017b,
  author =	 {S.  F. Tigik and L. T. Petruzzellis and L. F. Ziebell and
                  P. H. Yoon and R. Gaelzer},
  title =	 {Weakly turbulent plasma processes in the presence of inverse
                  power-law velocity tail population},
  journal =	 {Physics of Plasmas},
  volume =	 24,
  number =	 11,
  pages =	 112902,
  year =	 2017,
  doi =		 {10.1063/1.5009931},
}

@article{Treumann2001adv,
  author =	 {R A Treumann and W Baumjohann},
  title =	 {Basic Space Plasma Physics/Advanced Space Plasma Physics},
  journal =	 {Plasma Physics and Controlled Fusion},
  volume =	 43,
  number =	 3,
  pages =	 371,
  url =		 {http://stacks.iop.org/0741-3335/43/i=3/a=701},
  year =	 2001,
}

@article{Tsytovich1967,
  author =	 {{Tsytovich}, V.~N.},
  title =	 "{Reviews of Topical Problems: Nonlinear Effects in a Plasma}",
  journal =	 {Soviet Physics Uspekhi},
  year =	 1967,
  month =	 jun,
  volume =	 9,
  pages =	 {805-836},
  doi =		 {10.1070/PU1967v009n06ABEH003226},
  url =		 {http://adsabs.harvard.edu/abs/1967SvPhU...9..805T},
  adsnote =	 {Provided by the SAO/NASA Astrophysics Data System}
}

@article{VDM16,
  author =	 {{Vocks, C.} and {Dzifčáková, E.} and {Mann, G.}},
  title =	 {Suprathermal electron distributions in the solar transition
                  region},
  DOI =		 "10.1051/0004-6361/201629209",
  url =		 "https://doi.org/10.1051/0004-6361/201629209",
  journal =	 {Astronomy \& Astrophysics},
  year =	 2016,
  volume =	 596,
  pages =	 "A41",
}

@article{VM02,
  author =	 {C. Vocks and E. Marsch},
  title =	 {Kinetic Results for Ions in the Solar Corona with
                  Wave-Particle Interactions and Coulomb Collisions},
  journal =	 {The Astrophysical Journal},
  volume =	 568,
  number =	 2,
  pages =	 1030,
  url =		 {http://stacks.iop.org/0004-637X/568/i=2/a=1030},
  year =	 2002,
}

@article{VM03,
  author =	 {{Vocks}, C. and {Mann}, G.},
  title =	 "{Generation of Suprathermal Electrons by Resonant
                  Wave-Particle Interaction in the Solar Corona and Wind}",
  journal =	 {The Astrophysical Journal},
  keywords =	 {Acceleration of Particles, Plasmas, Sun: Solar Wind, Sun:
                  Corona, Sun: Particle Emission, Waves},
  year =	 2003,
  month =	 aug,
  volume =	 593,
  pages =	 {1134-1145},
  doi =		 {10.1086/376682},
  url =		 {http://adsabs.harvard.edu/abs/2003ApJ...593.1134V},
  adsnote =	 {Provided by the SAO/NASA Astrophysics Data System}
}

@article{VMR08,
  author =	 {{Vocks}, C. and {Mann}, G. and {Che}, G. Rau},
  title =	 {Formation of suprathermal electron distributions in the quiet
                  solar corona},
  DOI =		 "10.1051/0004-6361:20078826",
  url =		 "https://doi.org/10.1051/0004-6361:20078826",
  journal =	 {A\&A},
  year =	 2008,
  volume =	 480,
  number =	 2,
  pages =	 "527-536",
}

@article{VSLM05,
  author =	 {C. Vocks and C. Salem and R. P. Lin and G. Mann},
  title =	 {Electron Halo and Strahl Formation in the Solar Wind by
                  Resonant Interaction with Whistler Waves},
  journal =	 {The Astrophysical Journal},
  volume =	 627,
  number =	 1,
  pages =	 540,
  url =		 {http://stacks.iop.org/0004-637X/627/i=1/a=540},
  year =	 2005,
}

@article{Vinas2000,
  author =	 {Adolfo F.  Viñas and Hung K. Wong and Alexander J. Klimas},
  title =	 {Generation of Electron Suprathermal Tails in the Upper Solar
                  Atmosphere: Implications for Coronal Heating},
  journal =	 {The Astrophysical Journal},
  volume =	 528,
  number =	 1,
  pages =	 509,
  url =		 {http://stacks.iop.org/0004-637X/528/i=1/a=509},
  year =	 2000,
}

@article{Valentini2015,
  author =	 {H.-B. Valentini and D. Kaiser},
  title =	 {The limits of the Bohm criterion in collisional plasmas},
  journal =	 {Physics of Plasmas},
  volume =	 22,
  number =	 5,
  pages =	 053512,
  year =	 2015,
  doi =		 {10.1063/1.4921656},
  URL =		 {http://aip.scitation.org/doi/abs/10.1063/1.4921656},
}

@article {Vasyliunas68,
  author =	 {Vasyliunas, Vytenis M.},
  title =	 {A survey of low-energy electrons in the evening sector of the
                  magnetosphere with OGO 1 and OGO 3},
  journal =	 {Journal of Geophysical Research},
  volume =	 73,
  number =	 9,
  issn =	 {2156-2202},
  url =		 {http://dx.doi.org/10.1029/JA073i009p02839},
  doi =		 {10.1029/JA073i009p02839},
  pages =	 {2839--2884},
  year =	 1968,
}

@article{Veronig05,
  author =	 "Astrid M. Veronig and John C. Brown and Laura Bone",
  title =	 "Evidence for a solar coronal thick-target hard X-ray source
                  observed by RHESSI ",
  journal =	 "Advances in Space Research ",
  volume =	 35,
  number =	 10,
  pages =	 "1683 - 1689",
  year =	 2005,
  issn =	 "0273-1177",
  doi =		 "10.1016/j.asr.2005.01.065",
  url =          "http://www.sciencedirect.com/science/article/pii/S0273117705001353",
}

@article{Vilmer87,
  author =	 "Vilmer, N.",
  title =	 "Hard X-ray emission processes in solar flares",
  journal =	 "Solar Physics",
  year =	 1987,
  month =	 "Mar",
  day =		 01,
  volume =	 111,
  number =	 1,
  pages =	 "207--223",
  issn =	 "1573-093X",
  doi =		 "10.1007/BF00145454",
  url =		 "https://doi.org/10.1007/BF00145454"
}

@article{Vocks08,
  author =	 {{Vocks, C.} and {Mann, G.} and {Rausche, G.}},
  title =	 {Formation of suprathermal electron distributions in the quiet
                  solar corona},
  DOI =		 "10.1051/0004-6361:20078826",
  url =		 "https://doi.org/10.1051/0004-6361:20078826",
  journal =	 {Astronomy \& Astrophysics},
  year =	 2008,
  volume =	 480,
  number =	 2,
  pages =	 "527-536",
}

@article{Vocks2012,
  author =	 "Vocks, Christian",
  title =	 "Kinetic Models for Whistler Wave Scattering of Electrons in
                  the Solar Corona and Wind",
  journal =	 "Space Science Reviews",
  year =	 2012,
  volume =	 172,
  number =	 1,
  pages =	 "303--314",
  issn =	 "1572-9672",
  doi =		 "10.1007/s11214-011-9749-0",
  url =		 "http://dx.doi.org/10.1007/s11214-011-9749-0"
}

@article{WLSPLYL12,
  author =	 {Linghua Wang and Robert P.  Lin and Chadi Salem and Marc
                  Pulupa and Davin E.  Larson and Peter H. Yoon and Janet
                  G. Luhmann},
  title =	 {Quiet-time Interplanetary ~2-20 keV Superhalo Electrons at
                  Solar Minimum},
  journal =	 {Astrophysical Journal Letters},
  volume =	 753,
  number =	 1,
  pages =	 {L23},
  url =		 {http://stacks.iop.org/2041-8205/753/i=1/a=L23},
  year =	 2012,
}

@article{WM13,
  author =	 {{Warmuth, A.} and {Mann, G.}},
  title =	 {Thermal and nonthermal hard X-ray source sizes in solar flares
                  obtained from RHESSI observations},
  DOI =		 "10.1051/0004-6361/201219355",
  url =		 "http://dx.doi.org/10.1051/0004-6361/201219355",
  journal =	 {Astronomy \& Astrophysics},
  year =	 2013,
  volume =	 552,
  pages =	 "A87",
}

@article{WM13a,
  author =	 {Warmuth, A. and Mann, G.},
  title =	 {Thermal and nonthermal hard X-ray source sizes in solar flares
                  obtained from RHESSI observations},
  DOI =		 "10.1051/0004-6361/201219355",
  url =		 "http://dx.doi.org/10.1051/0004-6361/201219355",
  journal =	 {Astronomy \& Astrophysics},
  year =	 2013,
  volume =	 552,
  pages =	 "A87",
}

@article{WM13b,
  Author =	 {Warmuth, A. and Mann, G.},
  Title =	 {Thermal and nonthermal hard X-ray source sizes in solar flares
                  obtained from RHESSI observations II. Scaling relations and
                  temporal evolution},
  Journal =	 {Astronomy \& Astrophysics},
  Year =	 2013,
  Volume =	 552,
  Month =	 {Apr},
  DOI =		 {10.1051/0004-6361/201219355},
  Article-Number ={A87},
  ISSN =	 {0004-6361},
  Unique-ID =	 {ISI:000317912000087},
}

@article{WWKH16,
  author =	 "Wang, Wen and Wang, Linghua and Krucker, S{\"a}m and Hannah,
                  Iain",
  title =	 "Simulation of Quiet-Sun Hard X-Rays Related to Solar Wind
                  Superhalo Electrons",
  journal =	 "Solar Physics",
  year =	 2016,
  volume =	 291,
  number =	 5,
  pages =	 "1357--1367",
  issn =	 "1573-093X",
  doi =		 "10.1007/s11207-016-0916-z",
  url =		 "http://dx.doi.org/10.1007/s11207-016-0916-z"
}

@article{WYHTPW-SB15,
  author =	 {Linghua Wang and Liu Yang and Jiansen He and Chuanyi Tu and
                  Zhongtian Pei and Robert F. Wimmer-Schweingruber and Stuart
                  D. M. Bale},
  title =	 {Solar Wind ∼20–200 keV Superhalo Electrons at Quiet Times},
  journal =	 {Astrophysical Journal Letters},
  volume =	 803,
  number =	 1,
  pages =	 {L2},
  url =		 {http://stacks.iop.org/2041-8205/803/i=1/a=L2},
  year =	 2015,
}

@article{WildMcCready1950,
  author =	 {{Wild}, J.~P. and {McCready}, L.~L.},
  title =	 "{Observations of the Spectrum of High-Intensity Solar
                  Radiation at Metre Wavelengths. I. The Apparatus and Spectral
                  Types of Solar Burst Observed}",
  journal =	 {Australian Journal of Scientific Research A Physical Sciences},
  year =	 1950,
  month =	 sep,
  volume =	 3,
  pages =	 387,
  url =		 {http://adsabs.harvard.edu/abs/1950AuSRA...3..387W},
  adsnote =	 {Provided by the SAO/NASA Astrophysics Data System}
}

@article{Windsor1974,
  author =	 {{Windsor}, R.~A. and {Kellogg}, P.~J.},
  title =	 "{Polarization of Inverse Plasmon Scattering}",
  journal =	 {The Astrophysical Journal},
  year =	 1974,
  month =	 may,
  volume =	 190,
  pages =	 167,
  doi =		 {10.1086/152861},
  url =		 {http://adsabs.harvard.edu/abs/1974ApJ...190..167W},
  adsnote =	 {Provided by the SAO/NASA Astrophysics Data System}
}

@article{YKCM16a,
  author =	 {Peter H. Yoon and Sunjung Kim and G. S.  Choe and Y.-J. moon},
  title =	 {Revised Model of the Steady-state Solar Wind Halo Electron
                  Velocity Distribution Function},
  journal =	 {The Astrophysical Journal},
  volume =	 826,
  number =	 2,
  pages =	 204,
  url =		 {http://stacks.iop.org/0004-637X/826/i=2/a=204},
  year =	 2016,
}

@article {YRR06,
  author =	 {Yoon, Peter H. and Rhee, Tongnyeol and Ryu, Chang-Mo},
  title =	 {Self-consistent formation of electron κ distribution:
                  1. Theory},
  journal =	 {Journal of Geophysical Research},
  volume =	 111,
  number =	 {A9},
  issn =	 {2156-2202},
  url =		 {http://dx.doi.org/10.1029/2006JA011681},
  doi =		 {10.1029/2006JA011681},
  pages =	 {n/a--n/a},
  keywords =	 {Energetic particles, Plasma waves and turbulence, Solar wind
                  plasma, General or miscellaneous, nonlinear waves and
                  nonlinear wave propagation, plasma microinstabilities, plasma
                  turbulence},
  year =	 2006,
  note =	 {A09106},
}

@article{YZGLW12,
  author =	 "Yoon, P. H.  and Ziebell, L. F.  and Gaelzer, R.  and Lin,
                  R. P.  and Wang, L.",
  title =	 "Langmuir Turbulence and Suprathermal Electrons",
  journal =	 "Space Science Reviews",
  year =	 2012,
  volume =	 173,
  number =	 1,
  pages =	 "459--489",
  issn =	 "1572-9672",
  doi =		 "10.1007/s11214-012-9867-3",
  url =		 "http://dx.doi.org/10.1007/s11214-012-9867-3"
}

@article{YZKS16,
  title =	 {Weak turbulence theory for collisional plasmas},
  author =	 {Yoon, P.  H. and Ziebell, L. F. and Kontar, E. P. and
                  Schlickeiser, R.},
  journal =	 {Physical Review E},
  volume =	 93,
  issue =	 3,
  pages =	 033203,
  numpages =	 29,
  year =	 2016,
  month =	 {Mar},
  publisher =	 {American Physical Society},
  doi =		 {10.1103/PhysRevE.93.033203},
}

@article{Yoon00,
  author =	 {{Yoon}, P.~H.},
  title =	 "{Generalized weak turbulence theory}",
  journal =	 {Phys. Plasmas},
  keywords =	 {Plasma kinetic equations, Nonlinear phenomena: waves wave
                  propagation and other interactions, Plasma turbulence},
  year =	 2000,
  month =	 dec,
  volume =	 7,
  pages =	 {4858-4871},
  doi =		 {10.1063/1.1318358},
  url =		 {http://adsabs.harvard.edu/abs/2000PhPl....7.4858Y},
  adsnote =	 {Provided by the SAO/NASA Astrophysics Data System}
}

@article{Yoon05a,
  author =	 {Peter H. Yoon},
  title =	 {Effects of spontaneous fluctuations on the generalized weak
                  turbulence theory},
  journal =	 {Physics of Plasmas},
  volume =	 12,
  number =	 4,
  pages =	 042306,
  year =	 2005,
  doi =		 {10.1063/1.1864073},
}

@article{Yoon05b,
  author =	 {{Yoon}, P.~H.},
  title =	 "{Progress in the kinetic theory of electrostatic harmonics of
                  plasma waves}",
  journal =	 {Physics of Plasmas},
  year =	 2005,
  month =	 may,
  volume =	 12,
  number =	 5,
  eid =		 052313,
  pages =	 052313,
  doi =		 {10.1063/1.1897713},
}

@article{Yoon06,
  author =	 {{Yoon}, P.~H.},
  title =	 "{Statistical theory of electromagnetic weak turbulence}",
  journal =	 {Phys. Plasmas},
  keywords =	 {Plasma turbulence, Probability theory stochastic processes and
                  statistics},
  year =	 2006,
  month =	 feb,
  volume =	 13,
  number =	 2,
  eid =		 022302,
  pages =	 022302,
  doi =		 {10.1063/1.2167587},
  url =		 {http://adsabs.harvard.edu/abs/2006PhPl...13b2302Y},
  adsnote =	 {Provided by the SAO/NASA Astrophysics Data System}
}

@article{Yoon11,
  author =	 {Peter H. Yoon},
  title =	 {Asymptotic equilibrium between Langmuir turbulence and
                  suprathermal electrons},
  journal =	 {Phys. Plasmas},
  volume =	 18,
  number =	 12,
  pages =	 122303,
  year =	 2011,
  doi =		 {10.1063/1.3662105},
  URL =		 {http://dx.doi.org/10.1063/1.3662105},
}

@article {Yoon14,
  author =	 {Yoon, Peter H.},
  title =	 {Electron kappa distribution and quasi-thermal noise},
  journal =	 {Journal of Geophysical Research},
  volume =	 119,
  number =	 9,
  issn =	 {2169-9402},
  url =		 {http://dx.doi.org/10.1002/2014JA020353},
  doi =		 {10.1002/2014JA020353},
  pages =	 {7074--7087},
  year =	 2014,
}

@article{Yoon15,
  author =	 {P H Yoon},
  title =	 {Solar Wind Electron Energization by Plasma Turbulence},
  journal =	 {Journal of Physics: Conference Series},
  volume =	 642,
  number =	 1,
  pages =	 012030,
  url =		 {http://stacks.iop.org/1742-6596/642/i=1/a=012030},
  year =	 2015,
}

@article {Yoon1991,
  author =	 {Yoon, Peter H. and Ziebell, L. F. and Wu, C. S.},
  title =	 {Self-consistent pitch angle diffusion of newborn ions},
  journal =	 {Journal of Geophysical Research: Space Physics},
  volume =	 96,
  number =	 {A4},
  issn =	 {2156-2202},
  url =		 {http://dx.doi.org/10.1029/90JA02756},
  doi =		 {10.1029/90JA02756},
  pages =	 {5469--5478},
  keywords =	 {Plasma waves and turbulence, Wave/particle interactions},
  year =	 1991,
}

@article{Yoon1996,
  author =	 {{Yoon}, P.~H. and {Ziebell}, L.~F.},
  title =	 "{An Emission Mechanism for Extragalactic Radio Jets}",
  journal =	 {Astrophysical Journal},
  year =	 1996,
  month =	 mar,
  volume =	 459,
  pages =	 529,
  doi =		 {10.1086/176916},
}

@article {Yoon2000b,
  author =	 {Yoon, Peter H. and Ziebell, L. F. and Wu, C. S.},
  title =	 {Excitation of Langmuir waves in interplanetary space},
  journal =	 {Journal of Geophysical Research: Space Physics},
  volume =	 105,
  number =	 {A12},
  issn =	 {2156-2202},
  url =		 {http://dx.doi.org/10.1029/2000JA000230},
  doi =		 {10.1029/2000JA000230},
  pages =	 {27369--27375},
  keywords =	 {Plasma waves and turbulence, Wave/particle interactions},
  year =	 2000,
}

@article{Yoon2003,
  author =	 {{Yoon}, P.~H. and {Ryu}, C.-M. and {Rhee}, T.},
  title =	 "{Particle kinetic equation including weakly turbulent mode
                  coupling}",
  journal =	 {PoP},
  keywords =	 {Plasma kinetic equations, Plasma turbulence},
  year =	 2003,
  month =	 oct,
  volume =	 10,
  pages =	 {3881-3886},
  doi =		 {10.1063/1.1604393},
  url =		 {http://adsabs.harvard.edu/abs/2003PhPl...10.3881Y},
  adsnote =	 {Provided by the SAO/NASA Astrophysics Data System}
}

@article{Yoon2012b,
  author =	 {P.  H.  Yoon and L. F.  Ziebell and R.  Gaelzer and J. Pavan},
  title =	 {Electromagnetic weak turbulence theory revisited},
  journal =	 {Physics of Plasmas},
  volume =	 19,
  number =	 10,
  pages =	 102303,
  year =	 2012,
  doi =		 {10.1063/1.4757224},
  URL =		 {https://doi.org/10.1063/1.4757224},
}

@article{Yoon2012c,
  author =	 {Peter H. Yoon and Jinhy Hong and Sunjung Kim and Junggi Lee
                  and Junhyun Lee and Jongsun Park and Kyungsun Park and
                  Jungjoon Seough},
  title =	 {Asymmetric Solar Wind Electron Distributions},
  journal =	 {The Astrophysical Journal},
  volume =	 755,
  number =	 2,
  pages =	 112,
  url =		 {http://stacks.iop.org/0004-637X/755/i=2/a=112},
  year =	 2012,
}

@article{Yoon2017,
  author =	 "Yoon, Peter H.",
  title =	 "Kinetic instabilities in the solar wind driven by temperature
                  anisotropies",
  journal =	 "Reviews of Modern Plasma Physics",
  year =	 2017,
  month =	 "Jul",
  day =		 21,
  volume =	 1,
  number =	 1,
  pages =	 4,
  doi =		 "10.1007/s41614-017-0006-1",
  url =		 "https://doi.org/10.1007/s41614-017-0006-1"
}

@article{ZGPY08,
  author =	 {{Ziebell}, L.~F. and {Gaelzer}, R. and {Pavan}, J. and {Yoon},
                  P.~H.  },
  title =	 "{Two-dimensional nonlinear dynamics of beam plasma
                  instability}",
  journal =	 {Plasma Physics and Controlled Fusion},
  year =	 2008,
  month =	 aug,
  volume =	 50,
  number =	 8,
  eid =		 085011,
  pages =	 085011,
  doi =		 {10.1088/0741-3335/50/8/085011},
  url =		 {http://adsabs.harvard.edu/abs/2008PPCF...50h5011Z},
  adsnote =	 {Provided by the SAO/NASA Astrophysics Data System}
}

@article{ZKS10,
  author =	 {{Zharkova}, V.~V.  and {Kuznetsov}, A.~A.  and {Siversky},
                  T.~V.  },
  title =	 "{Diagnostics of energetic electrons with anisotropic
                  distributions in solar flares.  I.  Hard X-rays bremsstrahlung
                  emission}",
  journal =	 {Astronomy \& Astrophysics},
  keywords =	 {Sun: flares, Sun: X-rays, gamma rays},
  year =	 2010,
  month =	 mar,
  volume =	 512,
  eid =		 {A8},
  pages =	 {A8},
  doi =		 {10.1051/0004-6361/200811486},
  url =		 {http://adsabs.harvard.edu/abs/2010A%26A...512A...8Z},
  adsnote =	 {Provided by the SAO/NASA Astrophysics Data System}
}

@article{ZPYGP16,
  author =	 {L. F. Ziebell and L. T. Petruzzellis and P. H. Yoon and
                  R. Gaelzer and J. Pavan},
  title =	 {Plasma Emission by Counter-streaming Electron Beams},
  journal =	 {The Astrophysical Journal},
  volume =	 818,
  number =	 1,
  pages =	 61,
  url =		 {http://stacks.iop.org/0004-637X/818/i=1/a=61},
  year =	 2016,
}

@article{ZVST11,
  Author =	 {Zharkova, Valentina V. and Siversky, Taras V.},
  Title =	 {The Effects of Electron-Beam-Induced Electric Field on the
                  Generation of Langmuir Turbulence in Flaring Atmospheres},
  Journal =	 {The Astrophysical Journal},
  Year =	 2011,
  Volume =	 733,
  Number =	 1,
  Month =	 {May},
  DOI =		 {10.1088/0004-637X/733/1/33},
  Article-Number =33,
}

@article{ZYGP14a,
  author =	 {Ziebell, L.~F.  and Yoon, P.~H.  and Gaelzer, R. and {Pavan},
                  J.},
  title =	 "{Plasma Emission by Weak Turbulence Processes}",
  journal =	 {Astrophysical Journal Letters},
  year =	 2014,
  month =	 nov,
  volume =	 795,
  eid =		 {L32},
  pages =	 {L32},
  doi =		 {10.1088/2041-8205/795/2/L32},
}

@article{ZYGP14b,
  author =	 {Ziebell, L.~F.  and Yoon, P.~H.  and Gaelzer, R. and Pavan,
                  J.},
  title =	 "Transition from thermal to turbulent equilibrium with a
                  resulting electromagnetic spectrum",
  journal =	 {Phys. Plasmas},
  year =	 2014,
  month =	 jan,
  volume =	 21,
  number =	 1,
  eid =		 012306,
  pages =	 012306,
  doi =		 {10.1063/1.4863453},
}

@article{ZYPGP15,
  author =	 {Ziebell, L.~F.  and Yoon, P.~H. and Petruzzellis, L.~T. and
                  Gaelzer, R. and Pavan, J.},
  title =	 "Plasma Emission by Nonlinear Electromagnetic Processes",
  journal =	 {The Astrophysical Journal},
  year =	 2015,
  month =	 jun,
  volume =	 806,
  eid =		 237,
  pages =	 237,
  doi =		 {10.1088/0004-637X/806/2/237},
}

@article{ZYSGP14c,
  author =	 {Ziebell, L.~F.  and Yoon, P.~H.  and Sim{\~o}es, F.~J.~R. and
                  Gaelzer, R. and Pavan, J.},
  title =	 "Spontaneous emission of electromagnetic radiation in turbulent
                  plasmas",
  journal =	 "Phys. Plasmas",
  year =	 2014,
  month =	 jan,
  volume =	 21,
  number =	 1,
  eid =		 010701,
  pages =	 010701,
  doi =		 {10.1063/1.4861619},
}

@article{Zaheer2013,
  author =	 {S. Zaheer and P. H. Yoon},
  title =	 {On Quiet-time Solar Wind Electron Distributions in Dynamical
                  Equilibrium with Langmuir Turbulence},
  journal =	 {The Astrophysical Journal},
  volume =	 775,
  number =	 2,
  pages =	 108,
  url =		 {http://stacks.iop.org/0004-637X/775/i=2/a=108},
  year =	 2013,
}

@article {Ziebell1990,
  author =	 {Ziebell, L. F. and Yoon, Peter H. and Wu, C. S. and Winske,
                  D.},
  title =	 {Pitch angle diffusion of newborn ions due to intrinsic
                  turbulence in the solar wind},
  journal =	 {Journal of Geophysical Research: Space Physics},
  volume =	 95,
  number =	 {A10},
  issn =	 {2156-2202},
  url =		 {http://dx.doi.org/10.1029/JA095iA10p17075},
  doi =		 {10.1029/JA095iA10p17075},
  pages =	 {17075--17083},
  keywords =	 {Ionospheric disturbances, Solar radiation and cosmic ray
                  effects, Planetology: Comets and Small Bodies: Interactions
                  with solar wind plasma and fields, Wave/particle interactions},
  year =	 1990,
}

@article{Ziebell1997,
  author =	 {L. F. Ziebell},
  title =	 {Quasilinear evolution of the weakly relativistic electron
                  cyclotron maser instability},
  journal =	 {Physics of Plasmas},
  volume =	 4,
  number =	 7,
  pages =	 {2697-2706},
  year =	 1997,
  doi =		 {10.1063/1.872139},
  URL =		 {https://doi.org/10.1063/1.872139},
}

@article{Ziebell2012,
  author =	 {L. F. Ziebell and P. H. Yoon and R. Gaelzer and J. Pavan},
  title =	 {Langmuir condensation by spontaneous scattering off electrons
                  in two dimensions},
  journal =	 {Plasma Physics and Controlled Fusion},
  volume =	 54,
  number =	 5,
  pages =	 055012,
  url =		 {http://stacks.iop.org/0741-3335/54/i=5/a=055012},
  year =	 2012,
}

@article{ZiebellGY01,
  author =	 "Ziebell, L. F. and R. Gaelzer and Peter H. Yoon",
  title =	 "Nonlinear development of weak beam-plasma instability",
  journal =	 "Phys. Plasmas",
  volume =	 8,
  number =	 9,
  pages =	 "3982--3995",
  month =	 "Sept.",
  year =	 2001,
  doi =		 "10.1063/1.1389863",
}

@article{Zouganelis2008,
  author =	 {Zouganelis, I.},
  title =	 {Measuring suprathermal electron parameters in space plasmas:
                  Implementation of the quasi-thermal noise spectroscopy with
                  kappa distributions using in situ Ulysses/URAP radio
                  measurements in the solar wind},
  journal =	 {Journal of Geophysical Research},
  volume =	 113,
  number =	 {A8},
  issn =	 {2156-2202},
  url =		 {http://dx.doi.org/10.1029/2007JA012979},
  doi =		 {10.1029/2007JA012979},
  pages =	 {A08111},
  year =	 2008,
}
